@misc{roslyn,
    title={{Roslyn}},
    author={{.NET Platform}},
    month=dec,
    day={14},
    year={2021},
    url={https://github.com/dotnet/roslyn},
    lastaccessed={February 28, 2023}
}

@misc{roslynator,
    title={{Roslynator}},
    author={Josef Pihrt},
    month=may,
    day={29},
    year={2022},
    url={https://github.com/JosefPihrt/Roslynator},
    lastaccessed={February 28, 2023}
}

@misc{moq,
    title={{Moq 4.x}},
    author={Moq},
    month=dec,
    day={4},
    year={2022},
    url={https://github.com/moq/moq4},
    lastaccessed={February 28, 2023}
}

@misc{vs2022perf,
    title={{First look at profiling tools (C\#, Visual Basic, C++, F\#)}},
    author={Jones, Mike and Hays, Misty and Hogenson, Gordon and Martens, J.
    and Coulter, David and Leavitt, Shannon and van Huygen, Meg and Habinshuti,
    Cl√©ment and Warren, Genevieve and Sterland, Andy and Brockschmidt, Kraig
    and McNary, Patricia and Toliver, Kristine and McGee, Mark},
    month=sep,
    day={28},
    year={2022},
    url={https://learn.microsoft.com/en-us/visualstudio/profiling/profiling-feature-tour?view=vs-2022},
    lastaccessed={February 28, 2023}
}

@misc{unity3Dcsharp,
    title={{Setting Up Your Scripting Environment}},
    author={{Unity Technologies}},
    month=oct,
    day={7},
    year={2022},
    url={https://docs.unity3d.com/Manual/ScriptingSettingUp.html},
    lastaccessed={February 28, 2023}
}

@misc{unity3Dtestingfw,
    title={{Unity Test Framework overview}},
    author={{Unity Technologies}},
    month=apr,
    day={22},
    year={2022},
    url={https://docs.unity3d.com/Packages/com.unity.test-framework@2.0/manual/index.html},
    lastaccessed={February 28, 2023}
}

@misc{unity3Droslyn,
    title={{Roslyn analyzers and source generators}},
    author={{Unity Technologies}},
    month=oct,
    day={7},
    year={2022},
    url={https://docs.unity3d.com/Manual/roslyn-analyzers.html},
    lastaccessed={February 28, 2023}
}

@techreport{srsIEEE,
    title={IEEE Recommended Practice for Software Requirements Specifications},
    author={{IEEE Computer Society}},
    institution={IEEE},
    address={New York, NY, USA},
    number={IEEE Std 830-1998 (R2009)},
    month=dec,
    year={2009},
    doi={10.1109/IEEESTD.1998.88286}
}

@techreport{vvIEEE,
    title={IEEE Standard for System, Software, and Hardware Verification and
    Validation},
    author={{IEEE Computer Society}},
    institution={IEEE},
    address={New York, NY, USA},
    number={IEEE Std 1012-2016},
    month=sep,
    year={2017},
    doi={10.1109/IEEESTD.2017.8055462}
}

@techreport{vvDocIEEE,
    title={IEEE Standard for Software and System Test Documentation},
    author={{IEEE Computer Society}},
    institution={IEEE},
    address={New York, NY, USA},
    number={IEEE Std 829-2008},
    month=mar,
    year={2008},
    doi={10.1109/IEEESTD.2008.4578383}
}

@techreport{slcIEEE,
    title={ISO/IEC/IEEE International Standard - Systems and software
    engineering -- System life cycle processes},
    author={{ISO, IEC, and IEEE}},
    institution={IEEE},
    address={New York, NY, USA},
    number={ISO/IEC/IEEE 15288:2015(E)},
    month=may,
    year={2015},
    doi={10.1109/IEEESTD.2015.7106435}
}