@article{osuna2020seperspective,
    title={Development of Computational Models of Emotions: {A} Software 
    Engineering Perspective},
    author={Osuna, Enrique and Rodr{\'\i}guez, {Luis-Felipe} and 
    Gutierrez-Garcia, J. Octavio and Castro, Luis A.},
    journal={Cognitive Systems Research},
    volume={60},
    pages={1--19},
    month=may,
    year={2020},
    publisher={Elsevier},
    doi={10.1016/j.cogsys.2019.11.001}
}

@article{osuna2021toward,
    title={Toward Integrating Cognitive Components with Computational Models of 
    Emotion Using Software Design Patterns},
    author={Osuna, Enrique and Rodr{\'\i}guez, {Luis-Felipe} and 
    {Gutierrez-Garcia}, J. Octavio},
    journal={Cognitive Systems Research},
    volume={65},
    pages={138--150},
    month=jan,
    year={2021},
    publisher={Elsevier},
    doi={10.1016/j.cogsys.2020.10.004}
}

@article{rodriguez2015computational,
    title={Computational Models of Emotions for Autonomous Agents: {M}ajor 
    Challenges},
    author={Rodr{\'i}guez, {Luis-Felipe} and Ramos, F{\'e}lix},
    journal={Artificial Intelligence Review},
    volume={43},
    number={3},
    pages={437--465},
    month=mar,
    year={2015},
    publisher={Springer},
    doi={10.1007/s10462-012-9380-9}
}

@article{castellanos2019mechanism,
    title={A Mechanism for Biasing the Appraisal Process in Affective Agents},
    author={Castellanos, Sergio and Rodr{\'\i}guez, Luis-Felipe and 
    Gutierrez-Garcia, J. Octavio},
    journal={Cognitive Systems Research},
    volume={58},
    pages={351--365},
    month= dec,
    year={2019},
    publisher={Elsevier},
    doi={10.1016/j.cogsys.2019.08.008}
}

@incollection{scherer2010emotion,
    title={Emotion and Emotional Competence: Conceptual and Theoretical Issues 
    for Modelling Agents},
    author={Scherer, Klaus R.},
    booktitle={A Blueprint for Affective Computing: A Sourcebook and Manual},
    editor={Scherer, Klaus R. and B{\"a}nziger, Tanja and Roesch, Etienne},
    chapter={1.1},
    pages={3--20},
    series={Affective Science},
    year={2010},
    publisher={Oxford University Press},
    address={New York, NY, USA},
    isbn={978-0-1995-6670-9},
    note={ISBN 978-0-1995-6670-9}
}

@incollection{broekens2021emotion,
    author = {Broekens, Joost},
    title = {Emotion},
    booktitle = {The Handbook on Socially Interactive Agents: 20 Years of 
    Research on Embodied Conversational Agents, Intelligent Virtual Agents, and 
    Social Robotics Volume 1: Methods, Behavior, Cognition},
    editor={Lugrin, Birgit and Pelachaud, Catherine and Traum, David},
    chapter={10},
    pages = {349--384},
    year = {2021},
    publisher = {ACM},
    address = {New York, NY, USA},
    doi={10.1145/3477322.3477333}
}

@misc{broekensGit,
    title={Gamygdala},
    author={Broekens, Joost and {van Hal}, Sven},
    year={2016},
    url={http://www.joostbroekens.com/gamygdala},
    lastaccessed={January 3, 2022}
}

@misc{wasabiGit,
    title={{WASABIEngine}. (Aug. 6, 2017).},
    author={Becker-Asano, Christian},
    month=aug,
    day={6},
    year={2017},
    url={https://github.com/CBA2011/WASABIEngine},
    lastaccessed={January 3, 2022}
}

@misc{gebhardGit,
    title={{ALMA}. (Aug. 23, 2015).},
    author={Gebhard, Patrick and Wang, Tengfei and {Soto Ortega}, Sergio},
    month=aug,
    day={23},
    year={2015},
    url={http://alma.dfki.de/},
    lastaccessed={January 3, 2022}
}

@misc{derekGit,
    title={{Computational Model of Appraisal}. (Jan. 18, 2014).},
    author={Schultz, Derek},
    month=jan,
    day={18},
    year={2014},
    url={https://github.com/derek-schultz/appraisal-model},
    lastaccessed={January 3, 2022}
}

@misc{fatimaGit,
    title={{FAtiMA Toolkit}. (Nov. 25, 2021).},
    author={Guimar{\~a}es, Manuel and Mascarenhas, Samuel and Prada, Rui and 
    Dias, Jo{\~a}o and Santos, Pedro and Paiva, Ana},
    year={2021},
    url={https://github.com/GAIPS-INESC-ID/FAtiMA-Toolkit},
    lastaccessed={January 3 ,2022}
}

@misc{mmSource,
    title={{The Mind Module}. (Feb. 4, 2015).},
    author={Warpefelt, Henrik and Eladhari, Mirjam},
    month=feb,
    day={4},
    year={2015},
    url={https://sourceforge.net/projects/mindmodule/},
    lastaccessed={January 3, 2022}
}

@misc{orientSource,
    title={{ORIENT}. (Apr. 5, 2013).},
    author={Kriegel, Michael},
    month=apr,
    day={5},
    year={2013},
    url={https://sourceforge.net/projects/orient-ecircus/},
    lastaccessed={January 3, 2022}
}

@misc{fearnotSource,
    title={{FearNot!}. (Apr. 3, 2013).},
    author={Kriegel, Michael and Dias, Jo{\~a}o},
    month=apr,
    day={3},
    year={2013},
    url={https://sourceforge.net/projects/fearnot/},
    lastaccessed={January 3, 2022}
}

@misc{fatimaModularSource,
    title={{FAtiMA---Modular}. (Jul. 13, 2015).},
    author={Dias, Jo{\~a}o},
    month=jul,
    day={13},
    year={2015},
    url={https://sourceforge.net/projects/fatima-modular/},
    lastaccessed={January 3, 2022}
}

@book{ghezzifundamentals2003,
    title={Fundamentals of Software Engineering},
    author={Ghezzi, Carlo and Jazayeri, Mehdi and Mandrioli, Dino},
    year={2003},
    edition={2nd},
    publisher={Prentice Hall},
    address={Upper Saddle River, NJ, USA},
    isbn={0-13-305699-6},
    note={ISBN 0-13-305699-6}
}

@article{parnas1994precise,
    title={Precise Documentation of Well-Structured Programs},
    author={Parnas, David Lorge and Madey, Jan and Iglewski, Michal},
    journal={IEEE Transactions on Software Engineering},
    number={12},
    volume={20},
    pages={948--976},
    month=dec,
    year={1994},
    publisher={IEEE},
    doi={10.1109/32.368133}
}

@article{parnas1986rational,
    title={A Rational Design Process: {H}ow and Why to Fake it},
    author={Parnas, David Lorge and Clements, Paul C.},
    journal={IEEE Transactions on Software Engineering},
    number={2},
    volume={SE-12},
    pages={251--257},
    month=feb,
    year={1986},
    publisher={IEEE},
    doi={10.1109/TSE.1986.6312940}
}

@article{parnas1985modular,
    title={The Modular Structure of Complex Systems},
    author={Parnas, David Lorge and Clements, Paul C. and Weiss, David M.},
    journal={IEEE Transactions on Software Engineering},
    number={3},
    volume={SE-11},
    pages={259--266},
    month=mar,
    year={1985},
    publisher={IEEE},
    doi={10.1109/TSE.1985.232209}
}

@article{parnas1996why,
    title={Why Software Jewels are Rare},
    author={Parnas, David Lorge},
    journal={Computer},
    number={2},
    volume={29},
    pages={57--60},
    month=feb,
    year={1996},
    publisher={IEEE},
    doi={10.1109/2.485847}
}

@book{qian2010software,
    title={Software Architecture and Design Illuminated},
    author={Qian, Kai and Fu, Xiang and Tao, Lixin and Xu, Chong-Wei and 
    D{'i}az-Herrera, Jorge L.},
    year={2010},
    series={Jones and Bartlett Illuminated Series},
    publisher={Jones and Bartlett Publishers},
    address={Sudbury, MA, USA},
    isbn={978-0-7637-5420-4},
    note={ISBN 978-0-7637-5420-4}
}

@book{mackenzie2012human,
    title={Human-Computer Interaction: An Empirical Research Perspective},
    author={MacKenzie, I. Scott},
    year={2013},
    publisher={Morgan Kaufmann},
    address={Waltham, MA, USA},
    isbn={978-0-1240-5865-1},
    note={ISBN 978-0-1240-5865-1}
}