@book{darwin18721965,
    title={The Expression of the Emotions in Man and Animals},
    author={Darwin, Charles},
    address={London, UK},
    publisher={John Murray},
    year={1872}
}

@book{ekman2007emotions,
    author = {Ekman, Paul},
    title = {Emotions Revealed: Recognizing Faces and Feelings to Improve
    Communication and Emotional Life},
    year = {2007},
    edition = {2nd},
    publisher = {St. Martin's Griffin},
    address = {New York, NY, USA},
    isbn={978-0-8050-8339-2},
    note={ISBN 978-0-8050-8339-2}
}

@book{ekman2003unmasking,
    title={Unmasking the Face: A Guide to Recognizing Emotions from Facial
    Expressions},
    author={Ekman, Paul and Friesen, Wallace V.},
    year={2003},
    publisher={Malor Books},
    address = {Los Altos, CA, USA},
    isbn={978-1-883536-36-7},
    note={ISBN 978-1-883536-36-7}
}

@misc{facs,
    title={{Facial Action Coding System: The Manual on CD ROM}},
    author={Ekman, Paul and Friesen, Wallace V. and Hager, Joseph C.},
    year={2002},
    howpublished={[CD ROM]. Paul Ekman Group, Manchester, UK. ISBN
    978-0-9318-3501-8}
}

@article{ekman1969pan,
    title={Pan-cultural Elements in Facial Displays of Emotion},
    author={Ekman, Paul and Sorenson, E. Richard and Friesen, Wallace V.},
    journal={Science},
    volume={164},
    number={3875},
    pages={86--88},
    month=apr,
    year={1969},
    publisher={American Association for the Advancement of Science}
}

@article{ekman1969repertoire,
    title={The Repertoire of Non-verbal Behaviour: Categories, Origins, Usage,
    and Coding},
    author={Ekman, Paul and Friesen, Wallace V.},
    journal={Semiotica},
    volume={1},
    number={1},
    pages={49--98},
    month=jan,
    year={1969},
    publisher={De Gruyter Mouton}
}

@inproceedings{ekman1971universals,
    title={Universals and Cultural Differences in Facial Expressions of
    Emotion},
    author={Ekman, Paul},
    booktitle={Nebraska Symposium on Motivation},
    editor={Cole, James K.},
    series={Current Theory and Research on Motivation},
    volume={19},
    pages={207--283},
    year={1971},
    publisher={University of Nebraska Press},
    address={Lincoln, NB, USA}
}

@article{ekman1987universals,
    title={Universals and Cultural Differences in the Judgements of Facial
    Expressions of Emotion},
    author={Ekman, Paul and Friesen, Wallace V. and O'Sullivan, Maureen and
    Chan, Anthony and Diacoyanni-Tarlatzis, Irene and Heider, Karl and Krause,
    Ranier and LeCompte, William Ayhan and Pitcairn, Tom and Ricci-Bitti, Pio
    E. and Scherer, Klaus and Tomita, Masatoshi and Tzavaras, Athanase},
    journal={Journal of Personality and Social Psychology},
    editor={Sarason, Irwin G.},
    volume={53},
    number={4},
    pages={712--717},
    month=oct,
    year={1987},
    publisher={American Psychological Association},
    doi={10.1037/0022-3514.53.4.712}
}

@incollection{ekman1999basic,
    title={Basic Emotions},
    author={Ekman, Paul},
    booktitle={Handbook of Cognition and Emotion},
    editor={Dalgleish, Tim and Power, Mick},
    pages={45--60},
    chapter={3},
    year={1999},
    publisher={John Wiley \& Sons},
    address={New York, NY, USA},
    doi={10.1002/0470013494.ch3}
}

@article{izard2010many,
    title={The Many Meanings/Aspects of Emotion: Definitions, Functions,
    Activation, and Regulation},
    author={Izard, Carroll E.},
    journal={Emotion Review},
    volume={2},
    number={4},
    pages={363--370},
    month=oct,
    year={2010},
    publisher={Sage Publications},
    doi={10.1177/1754073910374661}
}

@book{izard1971face,
    title={The Face of Emotion},
    author={Izard, Carroll E.},
    series={Century Psychology Series},
    year={1971},
    address = {New York, NY, USA},
    publisher={Appleton-Century-Crofts},
    isbn={978-0-3904-7831-3},
    note={ISBN 978-0-3904-7831-3}
}

@book{izard1977human,
    title={Human Emotions},
    author={Izard, Carroll E.},
    series={Emotions, Personality, and Psychotherapy},
    year={1977},
    publisher={Plenum},
    address={New York, NY, USA}
}

@book{izard1991psychology,
    title={The Psychology of Emotions},
    author={Izard, Carroll E.},
    series={Emotions, Personality, and Psychotherapy},
    year={1991},
    publisher={Plenum Press},
    address={New York, NY, USA},
    isbn={0-306-43865-8},
    note={ISBN 0-306-43865-8}
}

@incollection{izard2000motivational,
    title={Motivational, Organizational, and Regulatory Functions of Discrete
    Emotions},
    author={Izard, Carroll E. and Ackerman, Brian P.},
    booktitle={Handbook of Emotions},
    editor={Lewis, Michael and Haviland-Jones, Jeannette M.},
    edition={2nd},
    pages={253--264},
    chapter={16},
    month=may,
    year={2000},
    publisher={Guilford Press},
    address={New York, NY, USA},
    isbn={978-1-5723-0529-8},
    note={ISBN 978-1-5723-0529-8}
}

@article{izard1993stability,
    title={Stability of Emotion Experiences and Their Relations to Traits of
    Personality},
    author={Izard, Carroll E. and Libero, Deborah Z. and Putnam, Priscilla and
    Haynes, O. Maurice},
    journal={Journal of Personality and Social Psychology},
    editor={Tesser, Abraham},
    volume={64},
    number={5},
    pages={847--860},
    month=may,
    year={1993},
    publisher={American Psychological Association},
    doi={10.1037/0022-3514.64.5.847}
}

@book{izard1979maximally,
    title={The Maximally Discriminative Facial Movement Coding System ({MAX})
    (Revised Edition)},
    author={Izard, Carroll E.},
    publisher={University of Delaware},
    address={Newark, DE, USA},
    year={1995},
}

@article{izard1992basic,
    title={Basic Emotions, Relations Among Emotions, and Emotion-Cognition
    Relations},
    author={Izard, Carroll E.},
    journal={Psychological Review},
    editor={Kintsch, Walter},
    volume={99},
    number={3},
    pages={561--565},
    month=jul,
    year={1992},
    publisher={American Psychological Association},
    doi={10.1037/0033-295X.99.3.561}
}

@article{izard1993four,
    title={Four Systems for Emotion Activation: Cognitive and Noncognitive
    Processes},
    author={Izard, Carroll E.},
    journal={Psychological Review},
    editor={Kintsch, Walter},
    volume={100},
    number={1},
    pages={68--90},
    month= jan,
    year={1993},
    publisher={American Psychological Association},
    doi={10.1037/0033-295X.100.1.68}
}

@article{izard1960personality,
    title={Personality Similarity and Friendship},
    author={Izard, Carroll},
    journal={Journal of Abnormal and Social Psychology},
    editor={Smith, M. Brewster},
    volume={61},
    number={1},
    pages={47--51},
    month=jul,
    year={1960},
    publisher={American Psychological Association}
}

@article{galati1997voluntary,
    title={Voluntary Facial Expression of Emotion: {C}omparing Congenitally
    Blind
    with Normally Sighted Encoders},
    author={Galati, Dario and Scherer, Klaus R. and Ricci-Bitti, Pio E.},
    journal={Journal of Personality and Social Psychology},
    editor={Geen, Russell},
    volume={73},
    number={6},
    pages={1363--1379},
    month=dec,
    year={1997},
    publisher={American Psychological Association}
}

@phdthesis{thompson1941development,
    title={Development of Facial Expression of Emotion in Blind and Seeing
    Children},
    author={Thompson, Jane},
    year={1941},
    school={Columbia University},
    address={New York, NY, USA}
}

@phdthesis{fulcher1942voluntary,
    title={``{V}oluntary" Facial Expression in Blind and Seeing Children},
    author={Fulcher, John Scott},
    year={1942},
    school={Columbia University},
    address={New York, NY, USA}
}

@article{banse1996acoustic,
    title={Acoustic Profiles in Vocal Emotion Expression},
    author={Banse, Ranier and Scherer, Klaus R.},
    journal={Journal of Personality and Social Psychology},
    editor={Geen, Russell},
    volume={70},
    number={3},
    pages={614--636},
    month=mar,
    year={1996},
    location={USA},
    publisher={American Psychological Association}
}

@article{bench2013function,
    title={On the Function of Boredom},
    author={Bench, Shane W. and Lench, Heather C.},
    journal={Behavioral Sciences},
    volume={3},
    number={3},
    pages={459--472},
    month=sep,
    year={2013},
    publisher={Multidisciplinary Digital Publishing Institute}
}

@article{van2017boredom,
    title={Boredom Begs to Differ: Differentiation From Other Negative
    Emotions},
    author={{van Tilburg}, Wijnand A. P. and Igou, Eric R.},
    journal={Emotion},
    editor={DeSteno, David},
    volume={17},
    number={2},
    pages={309--322},
    month=mar,
    year={2017},
    publisher={American Psychological Association}
}

@article{vanTilburg2012,
    author={van Tilburg, Wijnand A. P. and Igou, Eric R.},
    title={On Boredom: Lack of Challenge and Meaning as Distinct Boredom
    Experiences},
    journal={Motivation and Emotion},
    month=jun,
    year={2012},
    volume={36},
    number={2},
    pages={181--194},
    publisher={Springer}
}

@article{kanevsky2003produce,
    title={To Produce or Not to Produce? {U}nderstanding Boredom and the Honor
    in Underachievement},
    author={Kanevsky, Lannie and Keighley, Tacey},
    journal={Roeper Review},
    editor={Cross, Tracy L.},
    volume={26},
    number={1},
    pages={20--28},
    month=sep,
    year={2003},
    publisher={Routledge}
}

@article{vodanovich1990factor,
    title={A Factor Analytic Study of the Boredom Proneness Scale},
    author={Vodanovich, Stephen J. and Kass, Steven J.},
    journal={Journal of Personality Assessment},
    volume={55},
    number={1--2},
    pages={115--123},
    month=mar,
    year={1990},
    publisher={Routledge}
}

@article{smith2009keeping,
    title={Keeping it Dull or Making it Fun: Task Variation as a Function of
    Promotion Versus Prevention Focus},
    author={Smith, Jessi L. and Wagaman, Jill and Handley, Ian M.},
    journal={Motivation and Emotion},
    volume={33},
    number={2},
    pages={150--160},
    month=jun,
    year={2009},
    publisher={Springer}
}

@incollection{rozin1999disgust,
    title={Disgust: The Body and Soul Emotion},
    author={Rozin, Paul and Haidt, Jonathan and McCauley, Clark R.},
    editor={Dalgleish, Tim and Power, Mick},
    booktitle={Handbook of Cognition and Emotion},
    chapter={21},
    pages={429--445},
    year={1999},
    publisher={John Wiley \& Sons},
    address={New York, NY, USA}
}

@book{klineberg1948social,
    author = {Klineberg, Otto},
    title = {Social Psychology},
    year = {1948},
    publisher = {Henry Holt},
    address={New York, NY, USA}
}

@book{miller1998anatomy,
    title={The Anatomy of Disgust},
    author={Miller, William Ian},
    year={1998},
    publisher={Harvard University Press},
    address={Cambridge, MA, USA}
}

@incollection{fridjaNature,
    author = {Frijda, Nico H.},
    title = {Varieties of Affect: Emotions and Episodes, Moods, and Sentiments},
    booktitle = {The Nature of Emotion: Fundamental Questions},
    year = {1994},
    editor = {Ekman, Paul and Davidson, Richard J.},
    series = {Series in Affective Science},
    publisher = {Oxford University Press},
    address={New York, NY, USA},
    pages = {59--67},
    chapter={2.3},
    isbn={978-0-1950-8944-8},
    note={ISBN 978-0-1950-8944-8}
}

@incollection{frijda2001appraisal,
    title={Appraisal: {W}hat is the Dependent?},
    author={Frijda, Nico H. and Zeelenberg, Marcel},
    booktitle={Appraisal Processes in Emotion: Theory, Methods, Research},
    pages={141--155},
    chapter={7},
    month=jan,
    year={2001},
    editor = {Scherer, Klaus R. and Schorr, Angela and Johnstone, Tom},
    series = {Series in Affective Science},
    publisher={Oxford University Press},
    address={New York, NY, USA},
    isbn={978-0-1953-5154-5},
    note={ISBN 978-0-1953-5154-5}
}

@article{frijda1987emotion,
    title={Emotion, Cognitive Structure, and Action Tendency},
    author={Frijda, Nico H.},
    journal={Cognition \& Emotion},
    volume={1},
    number={2},
    pages={115--143},
    month=apr,
    year={1987},
    publisher={Taylor \& Francis},
    doi={10.1080/02699938708408043}
}

@incollection{smith1990emotion,
    title={Emotion and Adaptation},
    author={Smith, Craig A. and Lazarus, Richard S.},
    booktitle={Handbook of Personality: Theory and Research},
    editor={Pervin, Lawrence A.},
    pages={609--637},
    chaper={23},
    year={1990},
    publisher={Guilford Press},
    address={New York, NY, USA},
    isbn={978-0-8986-2430-4},
    note={ISBN 978-0-8986-2430-4}
}

@incollection{lazarus1980emotions,
    title={Emotions: {A} Cognitive-Phenomenological Analysis},
    author={Lazarus, Richard S. and Kanner, Allen D. and Folkman, Susan},
    booktitle={Theories of Emotion},
    volume={1},
    chapter={8},
    pages={189--217},
    year={1980},
    editor={Plutchik, Robert and Kellerman, Henry},
    series={Emotion: Theories, Research, and Experience},
    publisher={Academic Press},
    address={Cambridge, MA, USA}
}

@incollection{mesquitaCulture,
    author = {Mesquita, Batja and Ellsworth, Phoebe C.},
    title = {The Role of Culture in Appraisal},
    booktitle = {Appraisal Processes in Emotion: Theory, Methods, Research},
    year = {2001},
    editor = {Scherer, Klaus R. and Schorr, Angela and Johnstone, Tom},
    series = {Series in Affective Science},
    publisher = {Oxford University Press},
    address={New York, NY, USA},
    pages = {233--248},
    chapter={13},
    isbn={978-0-1953-5154-5},
    note={ISBN 978-0-1953-5154-5}
}

@article{scherer1994evidence,
    title={Evidence for Universality and Cultural Variation of Differential
    Emotion Response Patterning},
    author={Scherer, Klaus R. and Wallbott, Harald G.},
    journal={Journal of Personality and Social Psychology},
    editor={Miller, Norman},
    volume={66},
    number={2},
    pages={310--328},
    month=feb,
    year={1994},
    publisher={American Psychological Association}
}

@article{leventhal1987relationship,
    title={The Relationship of Emotion to Cognition: {A} Functional Approach to
    a Semantic Controversy},
    author={Leventhal, Howard and Scherer, Klaus},
    journal={Cognition \& Emotion},
    editor={Watts, Fraser N. and Ellis, Henry C.},
    volume={1},
    number={1},
    pages={3--28},
    month= mar,
    year={1987},
    publisher={Taylor \& Francis},
    doi={10.1080/02699938708408361}
}

@misc{isear,
    author = {{Swiss Center for Affective Sciences}},
    title  = {{Research Material and Online Research}},
    year   = {2021},
    url =
    {https://www.unige.ch/cisa/research/materials-and-online-research/research-material/},
    lastaccessed={January 7, 2022}
}

@incollection{ohman1993fear,
    author = {{\"O}hman, Arne},
    title = {Fear and Anxiety as Emotional Phenomena: Clinical Phenomenology,
    Evolutionary Perspectives, and Information-processing Mechanisms},
    booktitle = {Handbook of Emotions},
    year = {1993},
    editor={Lewis, Michael and Haviland-Jones, Jeannette M.},
    publisher = {Guilford Press},
    address={New York, NY, USA},
    chapter={36},
    pages = {511--536},
}

@book{duchenne1990mechanism,
    title={The Mechanism of Human Facial Expression},
    translator={Cuthbertson, R. Andrew},
    author={Duchenne de Boulogne, {Guillaume-Benjamin}},
    publisher={R. Andrew Cuthbertson (Trans.). Cambridge University Press},
    address={New York, NY, USA},
    year={1990}
}

@book{wundt1912introduction,
    title={An Introduction to Psychology},
    translator={Pintner, Rudolf},
    author={Wundt, Wilhelm},
    publisher={Rudolf Pintner (Trans.). MacMillan},
    address={New York, NY, USA},
    year={1912},
}

@book{james18901950,
    title={The Principles of Psychology (Authorized Edition, Unabridged)},
    author={James, William},
    volume={1},
    year={1950},
    publisher={Dover},
    address={New York, NY, USA},
}

@article{frank1993behavioral,
    title={Behavioral Markers and Recognizability of the Smile of Enjoyment},
    author={Frank, Mark G. and Ekman, Paul and Friesen, Wallace V.},
    journal={Journal of Personality and Social Psychology},
    editor={Miller, Norman},
    volume={64},
    number={1},
    pages={83--93},
    month=jan,
    year={1993},
    publisher={American Psychological Association}
}

@article{frank1993not,
    title={Not All Smiles are Created Equal: The Differences Between Enjoyment
    and Non-enjoyment Smiles},
    author={Frank, Mark G. and Ekman, Paul},
    journal={Humor},
    volume={6},
    number={1},
    month=jan,
    year={1993},
    pages={9--26},
    publisher={Walter de Gruyter}
}

@article{ekman1980deliberate,
    title={Deliberate Facial Movement},
    author={Ekman, Paul and Roper, Gowen and Hager, Joseph C.},
    journal={Child Development},
    editor={Hetherington, E. Mavis},
    volume={51},
    number={3},
    pages={886--891},
    month=sep,
    year={1980},
    publisher={John Wiley \& Sons}
}

@article{rennie1942hypoglycemia,
    title={Hypoglycemia and Tension-depression},
    author={Rennie, Thomas A. C. and Howard, John Eager},
    journal={Psychosomatic Medicine},
    volume={4},
    number={3},
    pages={273--282},
    month=jul,
    year={1942},
    publisher={Lippincott Williams \& Wilkins}
}

@article{alexander1944psychosomatic,
    title={A Psychosomatic Study of Hypoglycaemic Fatigue},
    author={Alexander, Franz and Portis, Sidney A.},
    journal={Psychosomatic Medicine},
    volume={6},
    number={3},
    pages={191--206},
    month=jul,
    year={1944},
    publisher={Lippincott Williams \& Wilkins}
}

@book{tomkins1962affect,
    title={Affect, Imagery, Consciousness: The Positive Affects},
    author={Tomkins, Silvan},
    volume={1},
    year={1962},
    publisher={Springer},
    address={New York, NY, USA}
}

@incollection{plutchik1984emotions,
    title={Emotions: {A} General Psychoevolutionary Theory},
    author={Plutchik, Robert},
    editor={Scherer, Klaus R. and Ekman, Paul},
    booktitle={Approaches to Emotion},
    pages={197--219},
    chapter={8},
    publisher={Psychology Press},
    address={East Sussex, UK},
    year={1984},
    isbn={978-0-8985-9406-5},
    note={ISBN 978-0-8985-9406-5}
}

@article{warm2008vigilance,
    title={Vigilance Requires Hard Mental Work and is Stressful},
    author={Warm, Joel S. and Parasuraman, Raja and Matthews, Gerald},
    journal={Human Factors},
    volume={50},
    number={3},
    pages={433--441},
    month=jun,
    year={2008},
    publisher={SAGE Publications}
}

@article{wirtz2003spring,
    title={What to Do On Spring Break? {T}he Role of Predicted, On-line, and
    Remembered Experience in Future Choice},
    author={Wirtz, Derrick and Kruger, Justin and Scollon, Christie Napa and
    Diener, Ed},
    journal={Psychological Science},
    volume={14},
    number={5},
    pages={520--524},
    month=sep,
    year={2003},
    address={Los Angeles, CA, USA},
    publisher={SAGE Publications}
}

@article{eng2005domains,
    title={Domains of Life Satisfaction in Social Anxiety Disorder: Relation to
    Symptoms and Response to Cognitive-behavioral Therapy},
    author={Eng, Winnie and Coles, Meredith E. and Heimberg, Richard G. and
    Safren, Steven A.},
    journal={Journal of Anxiety Disorders},
    editor={Hersen, Michel},
    volume={19},
    number={2},
    pages={143--156},
    year={2005},
    publisher={Elsevier}
}

@article{rousseau1998not,
    title={Not So Different After All: A Cross-discipline View of Trust},
    author={Rousseau, Denise M. and Sitkin, Sim B. and Burt, Ronald S. and
    Camerer, Colin},
    journal={Academy of Management Review},
    editor={Thatcher, Sherry},
    volume={23},
    number={3},
    pages={393--404},
    month=jul,
    year={1998},
    publisher={Academy of Management}
}

@article{thrash2004inspiration,
    title={Inspiration: Core Characteristics, Component Processes, Antecedents,
    and Function},
    author={Thrash, Todd M. and Elliot, Andrew J.},
    journal={Journal of Personality and Social Psychology},
    editor={Carver, Charles S.},
    volume={87},
    number={6},
    pages={957--973},
    month=dec,
    year={2004},
    publisher={American Psychological Association}
}

@book{scherer2001appraisal,
    title={Appraisal Processes in Emotion: Theory, Methods, Research},
    editor={Scherer, Klaus R. and Schorr, Angela and Johnstone, Tom},
    series = {Series in Affective Science},
    year={2001},
    publisher={Oxford University Press},
    address={New York, NY, USA},
    isbn={978-0-1953-5154-5},
    note={ISBN 978-0-1953-5154-5}
}

@incollection{scherer2000psychological,
    title={Psychological Models of Emotion},
    author={Scherer, Klaus R.},
    booktitle={The Neuropsychology of Emotion},
    editor={Borod, Joan C.},
    pages={137--162},
    chapter={6},
    year={2000},
    series={Series in Affective Science},
    publisher={Oxford University Press},
    address={New York, NY, USA},
    isbn={0-19-511464-7},
    note={ISBN 0-19-511464-7}
}

@incollection{loewenstein2003role,
    title={The Role of Affect in Decision Making},
    author={Loewenstein, George and Lerner, Jennifer S.},
    editor={Davidson, Richard J. and Scherer, Klaus R. and Goldsmith, H. Hill},
    booktitle={Handbook of Affective Sciences},
    chapter={31},
    pages={619--642},
    year={2003},
    series = {Series in Affective Science},
    publisher={Oxford University Press},
    address={New York, NY, USA}
}

@book{davidson2003handbook,
    title={Handbook of Affective Sciences},
    editor={Davidson, Richard J. and Scherer, Klaus R. and Goldsmith, H. Hill},
    year={2003},
    series = {Series in Affective Science},
    publisher={Oxford University Press},
    address={New York, NY, USA}
}

@book{vohs2007emotions,
    title={Do Emotions Help or Hurt Decisionmaking?},
    editor={Vohs, Kathleen D. and Baumeister, Roy F. and Loewenstein, George},
    year={2007},
    publisher={Russell Sage},
    address={New York, NY, USA}
}

@book{osgood335tannenbaum,
    title={The Measurement of Meaning},
    author={Osgood, Charles E. and Suci, George J. and Tannenbaum, Percy
    H.},
    year={1957},
    publisher={University of Illinois Press},
    address={Champaign, IL, USA},
}

@book{osgood1975cross,
    title={Cross-Cultural Universals of Affective Meaning},
    author={Osgood, Charles E. and May, William H. and Miron, Murray
    S.},
    volume={1},
    year={1975},
    publisher={University of Illinois Press},
    address={Champaign, IL, USA},
}

@article{brehm1989intensity,
    title={The Intensity of Motivation},
    author={Brehm, Jack W. and Self, Elizabeth A.},
    journal={Annual Review of Psychology},
    volume={40},
    pages={109--131},
    month=feb,
    year={1989},
    publisher={Annual Reviews Inc.},
    doi={10.1146/annurev.ps.40.020189.000545}
}

@book{lazarus1966psychological,
    title={Psychological Stress and the Coping Process},
    author={Lazarus, Richard S.},
    year={1966},
    publisher={McGraw-Hill},
    address={New York, NY, USA},
}

@book{lazarus1984stress,
    title={Stress, Appraisal, and Coping},
    author={Lazarus, Richard S. and Folkman, Susan},
    publisher={Springer},
    year={1984},
    address={New York, NY, USA},
}

@book{lazarus1991emotion,
    title={Emotion and Adaptation},
    author={Lazarus, Richard S.},
    year={1991},
    publisher={Oxford University Press},
    address={New York, NY, USA},
    isbn={0-19-506994-3},
    note={ISBN 0-19-506994-3}
}

@book{silvia2006exploring,
    title={Exploring the Psychology of Interest},
    author={Silvia, Paul J.},
    year={2006},
    publisher={Oxford University Press},
    address={New York, NY, USA},
}

@article{bandura1977self,
    title={Self-efficacy: Toward a Unifying Theory of Behavioral Change},
    author={Bandura, Albert},
    journal={Psychological Review},
    editor={Estes, William K.},
    volume={84},
    number={2},
    pages={191--215},
    month=mar,
    year={1977},
    publisher={American Psychological Association}
}

@incollection{ortony2005affect,
    title={Affect and Proto-Affect in Effective Functioning},
    author={Ortony, Andrew and Norman, Donald A. and Revelle, William},
    booktitle={Who Needs Emotions? The Brain Meets the Robot},
    editor={Fellous, {Jean-Marc} and Arbib, Michael A.},
    series={Series in Affective Science},
    chapter={7},
    pages={173--202},
    year={2005},
    publisher={Oxford University Press},
    address={New York, NY, USA},
    isbn={978-0-19-516619-4},
    note={ISBN 978-0-19-516619-4}
}

@article{ortony2021all,
    title={Are All ``Basic Emotions'' Emotions? {A} Problem for the (Basic)
    Emotions Construct},
    author={Ortony, Andrew},
    journal={Perspectives on Psychological Science},
    volume={17},
    number={1},
    pages={41--61},
    month=jan,
    year={2022},
    doi={10.1177/1745691620985415}
}

@article{canli2004functional,
    title={Functional Brain Mapping of Extraversion and Neuroticism: Learning
    From Individual Differences in Emotion Processing},
    author={Canli, Turhan},
    journal={Journal of Personality},
    volume={72},
    number={6},
    pages={1105--1132},
    month=dec,
    year={2004},
    publisher={Blackwell Publishing},
    doi={10.1111/j.1467-6494.2004.00292.x}
}

@article{olson2004relations,
    title={Relations Between Big Five Traits and Fundamental Motives},
    author={Olson, Kenneth R. and Weber, Dale A.},
    journal={Psychological Reports},
    volume={95},
    number={3},
    pages={795--802},
    month=dec,
    year={2004},
    publisher={SAGE Publications}
}

@incollection{french1959bases,
    title={The Bases of Social Power},
    author={French Jr., John R. P. and Raven, Bertram},
    booktitle={Classics of Organization Theory},
    editor={Shafritz, Jay M. and Ott, J. Steven and Jang, Yong Suk},
    edition={8th},
    chapter={6},
    pages={251--260},
    year={2016},
    publisher={Cengage Learning},
    address={Boston, MA, USA}
}

@incollection{roseman2001model,
    title={A Model of Appraisal in the Emotion System: {I}ntegrating Theory,
    Research, and Applications},
    author={Roseman, Ira J.},
    booktitle={Appraisal Processes in Emotion: Theory, Methods, Research},
    series = {Series in Affective Science},
    editor={Scherer, Klaus R. and Schorr, Angela and Johnstone, Tom},
    chapter={4},
    pages={68--91},
    year={2001},
    publisher={Oxford University Press},
    address={New York, NY, USA},
    isbn={978-0-1953-5154-5},
    note={ISBN 978-0-1953-5154-5}
}

@article{roseman2011emotional,
    title={Emotional Behaviors, Emotivational Goals, Emotion Strategies:
    {M}ultiple Levels of Organization Integrate Variable and Consistent
    Responses},
    author={Roseman, Ira J.},
    journal={Emotion Review},
    volume={3},
    number={4},
    pages={434--443},
    month=oct,
    year={2011},
    publisher={Sage Publications},
    address={London, England, UK},
    doi={10.1177/1754073911410744}
}

@incollection{scherer2001appraisalB,
    title={Appraisal Considered as a Process of Multi-level Sequential
    Checking},
    author={Scherer, Klaus R.},
    booktitle={Appraisal Processes in Emotion: Theory, Methods, Research},
    series = {Series in Affective Science},
    editor={Scherer, Klaus R. and Schorr, Angela and Johnstone, Tom},
    pages = {92--120},
    chapter={5},
    year={2001},
    publisher={Oxford University Press},
    address={New York, NY, USA},
    isbn={978-0-1953-5154-5},
    note={ISBN 978-0-1953-5154-5}
}

@article{cowan1988evolving,
    title={Evolving Conceptions of Memory Storage, Selective Attention, and
    Their Mutual Constraints Within the Human Information-Processing System},
    author={Cowan, Nelson},
    journal={Psychological Bulletin},
    volume={104},
    number={2},
    pages={163--191},
    month=sep,
    year={1988},
    publisher={American Psychological Association},
    doi={10.1037/0033-2909.104.2.163}
}

@incollection{ellsworth2003appraisal,
    title={Appraisal Processes in Emotion},
    author={Ellsworth, Phoebe C. and Scherer, Klaus R.},
    editor={Davidson, Richard J. and Scherer, Klaus R. and Goldsmith, H. Hill},
    booktitle={Handbook of Affective Sciences},
    series = {Series in Affective Science},
    publisher={Oxford University Press},
    address={New York, NY, USA},
    chapter={29},
    pages={572--595},
    year={2003}
}

@article{smith1985patterns,
    title={Patterns of Cognitive Appraisal in Emotion},
    author={Smith, Craig A. and Ellsworth, Phoebe C.},
    journal={Journal of Personality and Social Psychology},
    editor={Sherman, Steven J.},
    volume={48},
    number={4},
    pages={813--838},
    month=apr,
    year={1985},
    publisher={American Psychological Association},
    doi={10.1037/0022-3514.48.4.813}
}

@article{tiedens2001judgement,
    title={Judgment Under Emotional Certainty and Uncertainty: The Effects of
    Specific Emotions on Information Processing},
    author={Tiedens, Larissa Z. and Linton, Susan},
    journal={Journal of Personality and Social Psychology},
    editor={Devine, Patricia},
    volume={81},
    number={6},
    pages={973--988},
    month=dec,
    year={2001},
    publisher={American Psychological Association}
}

@article{lerner2001fear,
    title={Fear, Anger, and Risk},
    author={Lerner, Jennifer S. and Keltner, Dacher},
    journal={Journal of Personality and Social Psychology},
    editor={Diener, Ed},
    volume={81},
    number={1},
    pages={146--159},
    month=jul,
    year={2001},
    publisher={American Psychological Association}
}

@book{coleman1990foundations,
    title={Foundations of Social Theory},
    author={Coleman, James S.},
    publisher={Harvard University Press},
    address={Cambridge, MA, USA},
    year={1990}
}

@book{erikson1998life,
    title={The Life Cycle Completed (Extended Version)},
    author={Erikson, Erik H. and Erikson, Joan M.},
    year={1997},
    publisher={W. W. Norton \& Company},
    address={New York, NY, USA},
}

@article{deneve1998happy,
    title={The Happy Personality: A Meta-analysis of 137 Personality Traits and
    Subjective Eell-being},
    author={DeNeve, Kristina M. and Cooper, Harris},
    journal={Psychological Bulletin},
    volume={124},
    number={2},
    pages={197--229},
    month=sep,
    year={1998},
    publisher={American Psychological Association}
}

@book{robert1980emotion,
    title={Emotion: A Psychoevolutionary Synthesis},
    author={Plutchik, Robert},
    publisher={Harper \& Row},
    address={New York, NY, USA},
    year={1980},
    isbn={0-0604-5235-8},
    note={ISBN 0-0604-5235-8}
}

@phdthesis{conte1976circumplex,
    title={A Circumplex Model for Personality Traits},
    author={Conte, Hope R.},
    year={1976},
    school={School of Education, New York University},
    address={New York, NY, USA}
}

@incollection{eysenck1970dimensional,
    title={A Dimensional System of Psychodiagnostics},
    author={Eysenck, Hans J.},
    booktitle={New Approaches to Personality Classification},
    editor={Mahrer, Alvin R.},
    chapter={6},
    pages={169--207},
    year={1970},
    publisher={Columbia University Press},
    address={New York, NY, USA},
}

@article{freedman1951interpersonal,
    title={The Interpersonal Dimension of Personality},
    author={Freedman, Mervin B. and Leary, Timothy F. and Ossorio, Abel G. and
    Goffey, Hubert S.},
    journal={Journal of Personality},
    volume={20},
    number={2},
    pages={143--161},
    month=dec,
    year={1951},
    publisher={Blackwell Publishing}
}

@misc{stern1958activities,
    title={Preliminary Manual: Activities Index: College Characteristics Index},
    author={Stern, George G.},
    howpublished={Syracuse University Research Institute, Psychological
    Research Centre, Syracuse, NY, USA (mimeo)},
    year={1958}
}

@article{becker1964circumplex,
    title={A Circumplex Model for Social Behavior in Children},
    author={Becker, Wesley C. and Krug, Ronald S.},
    journal={Child Development},
    editor={Martin, William E.},
    volume={35},
    issue={2},
    pages={371--396},
    month=jun,
    year={1964},
    publisher={John Wiley \& Sons Inc.}
}

@article{lorr1965expansion,
    title={Expansion of the Interpersonal Behavior Circle},
    author={Lorr, Maurice and McNair, Douglas M.},
    journal={Journal of Personality and Social Psychology},
    volume={2},
    number={6},
    pages={823--830},
    month=dec,
    year={1965},
    publisher={American Psychological Association}
}

@article{schaefer1966interrelationships,
    title={Interrelationships of Emotions, Traits, and Diagnostic Constructs},
    author={Schaefer, Earl S. and Plutchik, Robert},
    journal={Psychological Reports},
    volume={18},
    number={2},
    pages={399--410},
    month=apr,
    year={1966},
    publisher={SAGE Publications Inc.}
}

@article{bayley1968behavioral,
    title={Behavioral Correlates of Mental Growth: Birth to Thirty-six Years},
    author={Bayley, Nancy},
    journal={American Psychologist},
    editor={Brayfield, Arthur H.},
    volume={23},
    number={1},
    pages={1--17},
    month=jan,
    year={1968},
    publisher={American Psychological Association},
    doi={10.1037/h0037690}
}

@article{block1957studies,
    title={Studies in the Phenomenology of Emotions},
    author={Block, Jack},
    journal={Journal of Abnormal and Social Psychology},
    editor={Smith, M. Brewster},
    volume={54},
    number={3},
    pages={358--363},
    month=may,
    year={1957},
    publisher={American Psychological Association}
}

@book{plutchik1962emotions,
    title={The Emotions: Facts, Theories, and a New Model},
    author={Plutchik, Robert},
    publisher={Random House},
    address={New York, NY, USA},
    year={1962}
}

@incollection{plutchik1997circumplex,
    title={The Circumplex as a General Model of the Structure of Emotions and
    Personality},
    author={Plutchik, Robert},
    booktitle={Circumplex Models of Personality and Emotions},
    editor={Plutchik, Robert and Conte, Hope R.},
    pages={17--45},
    chapter={1},
    year={1997},
    publisher={American Psychological Association},
    address={Washington, DC, USA},
    isbn={978-1-5579-8380-0},
    note={ISBN 978-1-5579-8380-0}
}

@incollection{russell1997how,
    title={How Should an Emotion Be Called?},
    author={Russell, James A.},
    booktitle={Circumplex Models of Personality and Emotions},
    editor={Plutchik, Robert and Conte, Hope R.},
    pages={205--220},
    chapter={9},
    year={1997},
    publisher={American Psychological Association},
    address={Washington, DC, USA},
    isbn={978-1-5579-8380-0},
    note={ISBN 978-1-5579-8380-0}
}

@incollection{gurtman1997studying,
    title={Studying Personality Traits: The Circular Way},
    author={Gurtman, Michael B.},
    booktitle={Circumplex Models of Personality and Emotions},
    editor={Plutchik, Robert and Conte, Hope R.},
    pages={81--102},
    chapter={4},
    year={1997},
    publisher={American Psychological Association},
    address={Washington, DC, USA},
    isbn={978-1-5579-8380-0},
    note={ISBN 978-1-5579-8380-0}
}

@incollection{yik2002relating,
    title={Relating the {Five-Factor} Model of Personality to a Circumplex
    Model of Affect: A Five Language Study},
    author={Yik, Michelle S. M. and Russell, James A. and Ahn, Chang-Kyu and
    Fern{\'a}ndez Dols, Jose Miguel and Suzuki, Naoto},
    booktitle={The Five-Factor Model of Personality Across Cultures},
    editor={McCrae, Robert R. and Allik, J{\"u}ri},
    series={International and Cultural Psychology Series},
    pages={79--104},
    year={2002},
    publisher={Springer US},
    address={Boston, MA, USA},
    doi={10.1007/978-1-4615-0763-5_5}
}

@article{mccrae1989structure,
    title={The Structure of Interpersonal Traits: {W}iggins's Circumplex and
    the Five-Factor Model},
    author={McCrae, Robert R. and Costa, Paul T.},
    journal={Journal of Personality and Social Psychology},
    editor={Sarason, Irwin G.},
    volume={56},
    number={4},
    pages={586--595},
    month=apr,
    year={1989},
    publisher={American Psychological Association},
    doi={10.1037/0022-3514.56.4.586}
}

@article{costa1992normal,
    title={Normal Personality Assessment in Clinical Practice: The {NEO}
    {P}ersonality {I}nventory},
    author={Costa, Paul T. and McCrae, Robert R.},
    journal={Psychological Assessment},
    editor={Butcher, James N.},
    volume={4},
    number={1},
    pages={5--13},
    month= mar,
    year={1992},
    publisher={American Psychological Association},
    doi={10.1037/1040-3590.4.1.5}
}

@incollection{mccrae1997conceptions,
    title={Conceptions and Correlates of Openness to Experience},
    author={McCrae, Robert R. and Costa Jr., Paul T.},
    booktitle={Handbook of Personality Psychology},
    editor={Hogan, Robert and Johnson, John and Briggs, Stephen},
    chapter={31},
    pages={825--847},
    year={1997},
    publisher={Academic Press},
    address={San Diego, CA, USA},
    doi={10.1016/B978-012134645-4/50032-9}
}

@incollection{raad2002big,
    title={Big Five Factor Assessment: Introduction},
    author={De Raad, Boele and Perugini, Marco},
    booktitle={Big Five Factor Assessment},
    editor={De Raad, Boele and Perugini, Marco},
    chapter={1},
    pages={1--26},
    year={2002},
    publisher={Hogrefe \& Huber Publishers},
    address={G{\"o}ttingen, Germany},
    isbn={978-0-8893-7242-9},
    note={ISBN 978-0-8893-7242-9}
}

@article{costa1995persons,
    title={Persons, Places, and Personality: Career Assessment Using the
    Revised {NEO Personality Inventory}},
    author={Costa Jr., Paul T. and McCrae, Robert R. and Kay, Gary G.},
    journal={Journal of Career Assessment},
    volume={3},
    number={2},
    pages={123--139},
    month=mar,
    year={1995},
    publisher={Sage Publications},
    address={Thousand Oaks, CA, USA},
    doi={10.1177/106907279500300202}
}

@article{hurtado2019five,
    title={Five-Factor Personality Traits and {RIASEC} Interest Types: A
    Multivariate Meta-Analysis},
    author={Hurtado R{\'u}a, Sandra M. and Stead, Graham B. and Poklar, Ashley
    E.},
    journal={Journal of Career Assessment},
    editor={Duffy, Ryan D.},
    volume={27},
    number={3},
    pages={527--543},
    month=aug,
    year={2019},
    publisher={Sage Publications},
    address={Los Angeles, CA, USA},
    doi={10.1177/1069072718780447}
}

@misc{howard1995big,
    title={The Big Five Quickstart: An Introduction to the Five-Factor Model of
    Personality for Human Resource Professionals},
    author={Howard, Pierce J. and Howard, Jane M.},
    year={1995},
    howpublished={Center for Applied Cognitive Studies, Charlotte, NC, USA},
    url={https://eric.ed.gov/?id=ed384754}
}

@article{gurven2013universal,
    title={How Universal is the {Big Five}? Testing the Five-factor Model of
    Personality Variation Among Forager--Farmers in the {Bolivian Amazon}},
    author={Gurven, Michael and von Rueden, Christopher and Massenkoff, Maxim
    and Kaplan, Hillard and Lero Vie, Marino},
    journal={Journal of Personality and Social Psychology},
    editor={King, Laura},
    volume={104},
    number={2},
    pages={354--370},
    month=feb,
    year={2013},
    publisher={American Psychological Association}
}

@book{eibl1971love,
    title={Love and Hate: On the Natural History of Basic Behaviour Patterns},
    author={Eibl-Eibesfeldt, Iren{\"a}us},
    year={1971},
    publisher={Holt, Rinehart, and Winston},
    address={New York, NY, USA}
}

@article{algoe2009witnessing,
    title={Witnessing Excellence in Action: The `Other-praising' Emotions of
    Elevation, Gratitude, and Admiration},
    author={Algoe, Sara B. and Haidt, Jonathan},
    journal={The Journal of Positive Psychology},
    volume={4},
    number={2},
    pages={105--127},
    year={2009},
    publisher={Taylor \& Francis},
    doi = {10.1080/17439760802650519}
}

@article{henrich2001evolution,
    title={The Evolution of Prestige: Freely Conferred Deference as a Mechanism
    for Enhancing the Benefits of Cultural Transmission},
    author={Henrich, Joseph and Gil-White, Francisco J.},
    journal={Evolution and Human Behavior},
    volume={22},
    number={3},
    pages={165--196},
    month=may,
    year={2001},
    publisher={Elsevier}
}

@incollection{smith2000assimilative,
    title={Assimilative and Contrastive Emotional Reactions to Upward and
    Downward Social Comparisons},
    author={Smith, Richard H.},
    booktitle={Handbook of Social Comparison: Theory and Research},
    editor={Suls, Jerry and Wheeler, Ladd},
    chapter={10},
    pages={173--200},
    series = {The Plenum Series in Social/Clinical Psychology},
    year={2000},
    publisher={Springer US},
    address={Boston, MA, USA},
    doi={10.1007/978-1-4615-4237-7_10}
}

@incollection{major1991responses,
    title={Responses to Upward and Downward Social Comparisons: The Impact of
    Esteem-Relevance and Perceived Control},
    author={Major, Brenda and Testa, Maria and Blysma, Wayne H.},
    booktitle={Social Comparison: Contemporary Theory and Research},
    editor={Suls, Jerry and Wills, Thomas Ashby},
    chapter={9},
    pages={237--260},
    year={1991},
    publisher={Lawrence Erlbaum Associates},
    address={Hillsdale, NJ, USA}
}

@article{testa1990impact,
    title={The Impact of Social Comparisons After Failure: The Moderating
    Effects of Perceived Control},
    author={Testa, Maria and Major, Brenda},
    journal={Basic and Applied Social Psychology},
    volume={11},
    number={2},
    pages={205--218},
    month=jun,
    year={1990},
    publisher={Routledge},
    doi={10.1207/s15324834basp1102_7}
}

@book{nooteboom2002trust,
    title={Trust: Forms, Foundations, Functions, Failures and Figures},
    author={Nooteboom, Bart},
    year={2002},
    publisher={Edward Elgar},
    address={Cheltenham, UK}
}

@incollection{cosmides1992cognitive,
    title={Cognitive Adaptations for Social Exchange},
    author={Cosmides, Leda and Tooby, John},
    booktitle={The Adapted Mind: Evolutionary Psychology and the Generation of
    Culture},
    editor={Barkow, Jerome H. and Cosmides, Leda and Tooby, John},
    chapter={3},
    pages={163--228},
    year={1992},
    publisher={Oxford University Press},
    address={New York, NY, USA}
}

@article{van2011envy,
    title={Why Envy Outperforms Admiration},
    author={van de Ven, Niels and Zeelenberg, Marcel and Pieters, Rik},
    journal={Personality and Social Psychology Bulletin},
    volume={37},
    number={6},
    pages={784--795},
    month=jun,
    year={2011},
    publisher={SAGE Publications Inc.},
    doi={10.1177/0146167211400421}
}

@article{immordino2009neural,
    title={Neural Correlates of Admiration and Compassion},
    author={Immordino-Yang, Mary Helen and McColl, Andrea and Damasio, Hanna
    and Damasio, Antonio},
    journal={Proceedings of the National Academy of Sciences},
    editor={Raichle, Marcus E.},
    volume={106},
    number={19},
    pages={8021--8026},
    month=may,
    year={2009},
    publisher={National Academy of Sciences},
    doi={10.1073/pnas.0810363106}
}

@article{fiske2002stereotype,
    title={A Model of (Often Mixed) Stereotype Content: Competence and Warmth
    Respectively Follow From Perceived Status and Competition},
    author={Fiske, Susan T. and Cuddy, Amy J. C. and Glick, Peter and Xu, Jun},
    journal={Journal of Personality and Social Psychology},
    editor={Devine, Patricia},
    volume={82},
    number={6},
    pages={878--902},
    month=jun,
    year={2002},
    publisher={American Psychological Association, Inc.}
}

@article{fiske2007discrimination,
    title={The {BIAS} Map: Behaviours from Intergroup Affect and Stereotypes},
    author={Fiske, Susan T. and Cuddy, Amy J. C. and Glick, Peter},
    journal={Journal of Personality and Social Psychology},
    editor={Dovidio, John F.},
    volume={92},
    number={4},
    pages={631--648},
    month=apr,
    year={2007},
    publisher={American Psychological Association, Inc.}
}

@book{misztal1996trust,
    title={Trust in Modern Societies: The Search for the Bases of Social Order},
    author={Misztal, Barbara A.},
    year={1996},
    publisher={Polity Press},
    address={Cambridge, UK}
}

@book{ekman1972face,
    title={Emotion in the Human Face: Guidelines for Research and an
    Integration of Findings},
    author={Ekman, Paul and Friesen, Wallace V. and Ellsworth, Phoebe},
    year={1972},
    publisher={Pergamon Press Inc.},
    series={Pergamon General Psychology Series},
    address={New York, NY, USA}
}

@article{levenson1992autonomic,
    title={Autonomic Nervous System Differences Among Emotions},
    author={Levenson, Robert W.},
    journal={Psychological Science},
    volume={3},
    number={1},
    pages={23--27},
    month=jan,
    year={1992},
    publisher={SAGE Publications Inc.}
}

@article{kosfeld2005oxytocin,
    title={Oxytocin Increases Trust in Humans},
    author={Kosfeld, Michael and Heinrichs, Markus and Zak, Paul J. and
    Fischbacher, Urs and Fehr, Ernst},
    journal={Nature},
    volume={435},
    number={7042},
    pages={673--676},
    month=jun,
    year={2005},
    publisher={Nature Publishing Group},
    doi={10.1038/nature03701}
}

@incollection{componentModel,
    author={Marsella, Stacy and Gratch, Jonathan and Petta, Paolo},
    title={Computational Models of Emotion},
    booktitle = {A Blueprint for Affective Computing: A Sourcebook and Manual},
    year = {2010},
    editor = {Scherer, Klaus R. and Bänziger, Tanja and Roesch, Etienne},
    pages = {21--46},
    chapter={1.2},
    publisher = {Oxford University Press},
    address = {New York, NY, USA},
    isbn={978-0-1995-6670-9},
    note={ISBN 978-0-1995-6670-9}
}

@incollection{scherer2010component,
    author={Scherer, Klaus R.},
    title={The Component Process Model: Architecture for a Comprehensive
    Computational Model of Emergent Emotion},
    booktitle = {A Blueprint for Affective Computing: A Sourcebook and Manual},
    year = {2010},
    editor = {Scherer, Klaus R. and Bänziger, Tanja and Roesch, Etienne},
    pages = {47--70},
    chapter={2.1},
    publisher = {Oxford University Press},
    address = {New York, NY, USA},
    isbn={978-0-1995-6670-9},
    note={ISBN 978-0-1995-6670-9}
}

@incollection{scherer2013measuring,
    author={Scherer, Klaus R.},
    title={Measuring the Meaning of Emotion Words: A Domain-Specific 
    Componential Approach},
    booktitle = {Components of Emotional Meaning: A Sourcebook},
    year = {2013},
    series={Series in Affective Science},
    editor = {Fontaine, Johnny R. J. and Scherer, Klaus R. and Soriano, 
    Cristina},
    pages = {7--30},
    chapter={1},
    publisher = {Oxford University Press},
    address = {Oxford, UK},
    isbn={978-0-1995-9274-6},
    note={ISBN 978-0-1995-9274-6}
}

@book{occ,
    title={The Cognitive Structure of Emotions},
    author={Ortony, Andrew and Clore, Gerald L. and Collins, Allan},
    year={1988},
    publisher={Cambridge University Press},
    address = {New York, NY, USA},
    isbn={0-521-35364-5},
    note={ISBN 0-521-35364-5}
}

@misc{gilboa1991structure,
    title={The Structure of Emotion Response Tendencies},
    author={Gilboa, Eva and Ortony, Andrew},
    howpublished={Unpublished},
    year={1991}
}

@incollection{clore2000cognition,
    title={Cognition in Emotion: {A}lways, Sometimes, or Never?},
    author={Clore, Gerald L. and Ortony, Andrew},
    booktitle={Cognitive Neuroscience of Emotion},
    editor={Lane, Richard D. and Nadel, Lynn},
    series={Series in Affective Science},
    chapter={3},
    pages={24--61},
    year={2002},
    publisher={Oxford University Press},
    address={New York, NY, USA},
    isbn={978-0-1951-5592-1},
    note={ISBN 978-0-1951-5592-1}
}

@article{roseman1990appraisals,
    title={Appraisals of Emotion-Eliciting Events: {T}esting a Theory of
    Discrete
    Emotions},
    author={Roseman, Ira J. and Spindel, Martin S. and Jose, Paul E.},
    journal={Journal of Personality and Social Psychology},
    editor={Sherman, Steven J.},
    volume={59},
    number={5},
    pages={899--915},
    month=nov,
    year={1990},
    doi={10.1037/0022-3514.59.5.899}
}

@article{roseman1996appraisal,
    title={Appraisal Determinants of Emotions: {C}onstructing a More Accurate
    and Comprehensive Theory},
    author={Roseman, Ira J. and Antoniou, Ann A. and Jose, Paul E.},
    journal={Cognition \& Emotion},
    volume={10},
    number={3},
    pages={241--278},
    month=may,
    year={1996},
    publisher={Taylor \& Francis},
    doi={10.1080/026999396380240}
}

@incollection{roseman2018functions,
    title={Functions of Anger in the Emotion System},
    author={Roseman, Ira J.},
    booktitle={The Function of Emotions: When and Why Emotions Help Us},
    editor={Lench, Heather C.},
    chapter={8},
    pages={141--173},
    year={2018},
    publisher={Springer International Publishing},
    address={Cham, Switzerland},
    doi={10.1007/978-3-319-77619-4_8}
}

@article{roseman2013appraisal,
    title={Appraisal in the Emotion System: {C}oherence in Strategies for
    Coping},
    author={Roseman, Ira J.},
    journal={Emotion Review},
    volume={5},
    number={2},
    pages={141--149},
    month=apr,
    year={2013},
    publisher={Sage Publications},
    address={London, UK},
    doi={10.1177/1754073912469591}
}

@article{mehrabian1996pleasure,
    title={Pleasure-{A}rousal-{D}ominance: {A} General Framework for Describing
    and Measuring Individual Differences in Temperament},
    author={Mehrabian, Albert},
    journal={Current Psychology},
    volume={14},
    number={4},
    pages={261--292},
    month=dec,
    year={1996},
    doi={10.1007/BF02686918}
}

@book{mehrabian1980basic,
    title={Basic Dimensions for a General Psychological Theory: {I}mplications
    for Personality, Social, Environmental, and Developmental Studies},
    author={Mehrabian, Albert},
    year={1980},
    publisher={Oelgeschlager, Gunn \& Hain},
    address= {Cambridge, MA, USA},
    isbn={0-89946-004-6},
    note={ISBN 978-0-8994-6004-8}
}

@article{mehrabian1996analysis,
    title={Analysis of the {Big-Five} Personality Factors in Terms of the {PAD}
    Temperament Model},
    author={Mehrabian, Albert},
    journal={Australian Journal of Psychology},
    volume={48},
    number={2},
    pages={86--92},
    month=aug,
    year={1996},
    publisher={Wiley \& Sons},
    doi={10.1080/00049539608259510}
}

@misc{elefant2005affect,
    title = {Affect is All at Once Motivation, Cognition, and Behavior},
    author = {Elefant-Yanni, Veronique Rica and Kaiser, Suzanne and
    Victoria-Feser, Maria-Pia},
    year = {2005},
    url={https://www.researchgate.net/profile/Veronique-Elefant-Yanni/publication/283353107_Affect_is_all_at_once_Motivation_Cognition_Behavior/links/5637005908ae88cf81bd15ef/Affect-is-all-at-once-Motivation-Cognition-Behavior.pdf},
    lastaccessed={January 7, 2022}
}

@article{bakker2014pleasure,
    title={Pleasure, Arousal, Dominance: {M}ehrabian and {R}ussell Revisited},
    author={Bakker, Iris and van der Voordt, Theo and Vink, Peter and de Boon,
    Jan},
    journal={Current Psychology},
    volume={33},
    number={3},
    pages={405--421},
    month=sep,
    year={2014},
    publisher={Springer},
    doi={10.1007/s12144-014-9219-4}
}

@inproceedings{li2005reliability,
    title={The Reliability and Validity of the {Chinese} Version of Abbreviated
    {PAD} Emotion Scales},
    author={Li, Xiaoming and Zhou, Haotian and Song, Shengzun and Ran, Tian and
    Fu, Xiaolan},
    booktitle={Affective Computing and Intelligent Interaction},
    editor={Tao, Jianhua and Tan, Tieniu and Picard, Rosalind W.},
    series={Lecture Notes in Computer Science},
    volume={3784},
    pages={513--518},
    year={2005},
    publisher={Springer Berlin Heidelberg},
    address={Berlin, Heidelberg, Germany},
    doi={10.1007/11573548_66}
}

@book{bigfivepersonality,
    title={The Big Five Personality Factors: The Psycholexical Approach to
    Personality},
    author={De Raad, Boele},
    year={2000},
    publisher={Hogrefe \& Huber Publishers},
    address={G{\"o}ttingen, Germany}
}

@article{du2014compound,
    title={Compound Facial Expressions of Emotion},
    author={Du, Shichuan and Tao, Yong and Martinez, Aleix M.},
    journal={Proceedings of the National Academy of Sciences},
    editor={Heeger, David J.},
    volume={111},
    number={15},
    pages={E1454--E1462},
    month=apr,
    year={2014},
    publisher={National Academy of Sciences},
    doi={10.1073/pnas.1322355111}
}

@incollection{barrett2009affect,
    title={Affect as a Psychological Primitive},
    author={Barrett, Lisa Feldman and {Bliss-Moreau}, Eliza},
    booktitle={Advances in Experimental Social Psychology},
    editor={Zanna, Mark P.},
    volume={41},
    chapter={4},
    pages={167--218},
    year={2009},
    publisher={Academic Press},
    address={San Diego, CA, USA},
    doi={10.1016/S0065-2601(08)00404-8}
}

@article{barrett1999structure,
    title={The Structure of Current Affect: {C}ontroversies and Emerging
    Consensus},
    author={Barrett, Lisa Feldman and Russell, James A.},
    journal={Current Directions in Psychological Science},
    volume={8},
    number={1},
    pages={10--14},
    month=feb,
    year={1999},
    publisher={SAGE Publications},
    doi={10.1111/1467-8721.00003}
}

@article{barrett2019emotional,
    title={Emotional Expressions Reconsidered: Challenges to Inferring Emotion
    from Human Facial Movements},
    author={Barrett, Lisa Feldman and Adolphs, Ralph and Marsella, Stacy and
    Martinez, Aleix M. and Pollak, Seth D.},
    journal={Psychological Science in the Public Interest},
    editor={Reyna, Valerie F.},
    volume={20},
    number={1},
    pages={1--68},
    month=jul,
    year={2019},
    publisher={Sage Publications},
    address={Los Angeles, CA, USA},
    doi={10.1177/1529100619832930}
}

@article{barrett2018concepts,
    title={Concepts, Goals and the Control of Survival-Related Behaviors},
    author={Barrett, Lisa Feldman and Finlay, Barbara L.},
    journal={Current Opinion in Behavioral Sciences},
    editor={Mobbs, Dean and LeDoux, Joseph},
    volume={24},
    pages={172--179},
    month=dec,
    year={2018},
    publisher={Elsevier},
    doi={10.1016/j.cobeha.2018.10.001}
}

@article{yik1999structure,
    title={Structure of Self-Reported Current Affect: Integration and Beyond},
    author={Yik, Michelle S. M. and Russell, James A. and Barrett, Lisa
    Feldman},
    journal={Journal of Personality and Social Psychology},
    editor={Diener, Ed},
    volume={77},
    number={3},
    pages={600--619},
    month= sep,
    year={1999},
    publisher={American Psychological Association},
    doi={10.1037/0022-3514.77.3.600}
}

@article{lang1995emotion,
    title={The Emotion Probe: {S}tudies of Motivation and Attention},
    author={Lang, Peter J.},
    journal={American Psychologist},
    editor={Fowler, Raymond D.},
    volume={50},
    number={5},
    pages={372--385},
    month=may,
    year={1995},
    publisher={American Psychological Association},
    doi={10.1037/0003-066X.50.5.372}
}

@book{frijda1986emotions,
    title={The Emotions},
    author={Frijda, Nico H.},
    year={1986},
    series={Studies in Emotion and Social Interaction},
    publisher={Cambridge University Press},
    address={Cambridge, UK},
    isbn={0-521-30155-6},
    note={ISBN 0-521-30155-6}
}

@book{minsky1988society,
    title={Society of Mind},
    author={Minsky, Marvin},
    year={1986},
    publisher={Simon \& Schuster},
    address={New York, NY, USA},
    isbn={0-671-60740-5},
    note={ISBN 0-671-60740-5}
}

@book{damasio2005descartes,
    title={Descartes' Error: Emotion, Reason, and the Human Brain},
    author={Damasio, Antonio R.},
    year={1995},
    publisher={Avon Books},
    address={New York, NY, USA},
    isbn={978-0-3807-2647-9},
    note={ISBN 978-0-3807-2647-9}
}

@incollection{damasio2002second,
    title={A Second Chance for Emotion},
    author={Damasio, Antonio R.},
    booktitle={Cognitive Neuroscience of Emotion},
    editor={Lane, Richard D. and Nadel, Lynn},
    series={Series in Affective Science},
    chapter={2},
    pages={12--23},
    year={2002},
    publisher={Oxford University Press},
    address={New York, NY, USA},
    isbn={978-0-1902-8873-0},
    note={ISBN 978-0-1902-8873-0}
}

@book{ledoux1996emotional,
    title={The Emotional Brain: The Mysterious Underpinnings of Emotional Life},
    author={LeDoux, Joseph E.},
    year={1998},
    publisher={Simon \& Schuster},
    address={New York, NY, USA},
    isbn={978-0-6848-3659-1},
    note={ISBN 978-0-6848-3659-1}
}

@incollection{sloman2005architectural,
    title={The Architectural Basis of Affective States and Processes},
    author={Sloman, Aaron and Chrisley, Ron and Scheutz, Matthias},
    booktitle={Who Needs Emotions? The Brain Meets the Robot},
    editor={Fellous, Jean-Marc and Arbib, Michael A.},
    series={Series in Affective Science},
    pages={203--244},
    chapter={8},
    year={2005},
    publisher={Oxford University Press},
    address={New York, NY, USA},
    isbn={978-0-19-516619-4},
    note={ISBN 978-0-19-516619-4}
}

@article{sloman1987motives,
    title={Motives, Mechanisms, and Emotions},
    author={Sloman, Aaron},
    journal={Cognition \& Emotion},
    volume={1},
    number={3},
    pages={217--233},
    month=nov,
    year={1987},
    doi={10.1080/02699938708408049}
}

@inbook{james1897will,
    title={The Sentiment of Rationality},
    booktitle={The Will to Believe and Other Essays in Popular Philosophy},
    author={James, William},
    pages={63--110},
    year={1897},
    publisher={University Press: John Wilson and Son},
    address= {Cambridge, MA, USA}
}

@article{barrett2006emotions,
    title={Are Emotions Natural Kinds?},
    author={Barrett, Lisa Feldman},
    journal={Perspectives on Psychological Science},
    volume={1},
    number={1},
    pages={28--58},
    month=mar,
    year={2006},
    publisher={SAGE Publications},
    doi={10.1111/j.1745-6916.2006.00003.x}
}

@article{simon1967motivational,
    title={Motivational and Emotional Controls of Cognition},
    author={Simon, Herbert A.},
    journal={Psychological Review},
    editor={Cofer, Charles N.},
    volume={74},
    number={1},
    pages={29--39},
    month=jan,
    year={1967},
    publisher={American Psychological Association}
}

@article{russell1980circumplex,
    title={A Circumplex Model of Affect},
    author={Russell, James A.},
    journal={Journal of Personality and Social Psychology},
    editor={Hogan, Robert},
    volume={39},
    number={6},
    pages={1161--1178},
    month=dec,
    year={1980},
    publisher={American Psychological Association},
    doi={10.1037/h0077714}
}

@article{russell2009emotion,
    title={Emotion, Core Affect, and Psychological Construction},
    author={Russell, James A.},
    journal={Cognition \& Emotion},
    volume={23},
    number={7},
    pages={1259--1283},
    month=nov,
    year={2009},
    publisher={Taylor \& Francis},
    doi={10.1080/02699930902809375}
}

@article{scarantino2009core,
    title={Core Affect and Natural Affective Kinds},
    author={Scarantino, Andrea},
    journal={Philosophy of Science},
    volume={76},
    number={5},
    pages={940--957},
    month=dec,
    year={2009},
    publisher={The University of Chicago Press},
    doi={10.1086/605816}
}

@article{vastfjall2002measurement,
    title={The Measurement of Core Affect: A {S}wedish Self-Report Measure
    Derived from the Affect Circumplex},
    author={V{\"a}stfj{\"a}ll, Daniel and Friman, Margareta and G{\"a}rling,
    Tommy and Kleiner, Mendel},
    journal={Scandinavian Journal of Psychology},
    volume={43},
    number={1},
    pages={19--31},
    month=feb,
    year={2002},
    publisher={Wiley Online Library},
    doi={10.1111/1467-9450.00265}
}

@article{schwartz2006theory,
    title={A Theory of Cultural Value Orientations: Explication and
    Applications},
    author={Schwartz, Shalom},
    journal={Comparative Sociology},
    editor={Sasaki, Masamichi},
    volume={5},
    number={2--3},
    pages={137--182},
    month=jan,
    year={2006},
    publisher={Brill},
    doi={10.1163/156913306778667357}
}

@book{keltner2014understanding,
    title={Understanding Emotions},
    author={Keltner, Dacher and Oatley, Keith and Jenkins, Jennifer M.},
    year={2013},
    edition={3rd},
    publisher={John Wiley \& Sons},
    address={Hoboken, NJ, USA},
}

@book{carlson1992psychology,
    title={Psychology of Emotions},
    author={Carlson, John G. and Hatfield, Elaine},
    year={1992},
    edition={3rd},
    publisher={Harcourt Brace Jovanovich College Publishers},
    address={Fort Worth, TX, USA},
    isbn={978-0-0305-5419-3},
    note={ISBN 978-0-0305-5419-3}
}

@article{storbeck2007interdependence,
    title={On the Interdependence of Cognition and Emotion},
    author={Storbeck, Justin and Clore, Gerald L.},
    journal={Cognition \& Emotion},
    volume={21},
    number={6},
    pages={1212--1237},
    month=sep,
    year={2007},
    publisher={Taylor \& Francis},
    doi={10.1080/02699930701438020}
}

@article{siemer2007same,
    title={Same Situation---{D}ifferent Emotions: {H}ow Appraisals Shape our
    Emotions},
    author={Siemer, Matthias and Mauss, Iris and Gross, James J.},
    journal={Emotion},
    editor={Phelps, Elizabeth A.},
    volume={7},
    number={3},
    pages={592--600},
    month=aug,
    year={2007},
    publisher={American Psychological Association},
    doi={10.1037/1528-3542.7.3.592}
}

@article{campos1983importance,
    title={The Importance of Affective Communication in Social Referencing: A
    Commentary on Feinman},
    author={Campos, Joseph J.},
    journal={Merrill-Palmer Quarterly},
    editor={Shantz, Carolyn U.},
    volume={29},
    number={1},
    pages={83--87},
    month=jan,
    year={1983},
    publisher={Wayne State University Press}
}

@article{wehrle1995potential,
    title={Potential Pitfalls in Computational Modelling of Appraisal
    Processes: {A} Reply to {Chwelos} and {Oatley}},
    author={Wehrle, Thomas and Scherer, Klaus R.},
    journal={Cognition \& Emotion},
    volume={9},
    number={6},
    pages={599--616},
    month=nov,
    year={1995},
    publisher={Taylor \& Francis}
}

@article{siemer2007appraisals,
    title={Appraisals and Emotions: {C}an You Have One Without the Other?},
    author={Siemer, Matthias and Reisenzein, Ranier},
    journal={Emotion},
    editor={Phelps, Elizabeth A.},
    volume={7},
    number={1},
    pages={26--29},
    month=feb,
    year={2007},
    publisher={Elsevier Science},
    doi={10.1037/1528-3542.7.1.26}
}

@article{reisenzein1994pleasure,
    title={{Pleasure-Arousal} Theory and the Intensity of Emotions},
    author={Reisenzein, Ranier},
    journal={Journal of Personality and Social Psychology},
    editor={Geen, Russell},
    volume={67},
    number={3},
    pages={525},
    month=sep,
    year={1994},
    publisher={American Psychological Association},
    doi={10.1037/0022-3514.67.3.525}
}

@article{lewis2005getting,
    title={Getting Emotional: {A} Neural Perspective on Emotion, Intention, and
    Consciousness},
    author={Lewis, Marc D. and Todd, Rebecca M.},
    journal={Journal of Consciousness Studies},
    volume={12},
    number={8--10},
    pages={210--235},
    year={2005},
    publisher={Imprint Academic}
}

@incollection{palmer1978fundamental,
    title={Fundamental Aspects of Cognitive Representation},
    author={Palmer, Stephen},
    booktitle={Cognition and Categorization},
    editor={Rosch, Eleanor and Lloyd, Barbara},
    chapter={9},
    pages={259--303},
    year={1978},
    publisher={Lawrence Elbaum Associates},
    address={Hillsdale, NJ, USA}
}

@inproceedings{dorner2003mathematics,
    title={The Mathematics of Emotions},
    author={D{\"o}rner, Dietrich},
    booktitle={Proceedings of the 5th International Conference on Cognitive
    Modelling: The Logic of Cognitive Systems},
    editor={Detje, Frank and D{\"o}rner, Dietrich and Schaub, Harald},
    series={ICCM-5},
    pages={75--80},
    year={2003},
    publisher={April 10--12, 2003, Bamberg, Germany. Universitats-Verlag
    Bamberg},
    address={Bamberg, Germany},
    isbn={3-933463-15-7},
    note={ISBN 3-933463-15-7}
}

@incollection{fridja1994emotions,
    title={Emotions are Functional, Most of the Time},
    author={Frijda, Nico H.},
    booktitle={The Nature of Emotion: Fundamental Questions},
    editor={Ekman, Paul and Davidson, Richard J.},
    series={Series in Affective Science},
    chapter={2.3},
    pages={112--122},
    year={1994},
    publisher={Oxford University Press},
    address={New York, NY, USA},
    isbn={978-0-1950-8944-8},
    note={ISBN 978-0-1950-8944-8}
}

@article{lerner2000beyond,
    title={Beyond Valence: Toward a Model of Emotion-Specific Influences on
    Judgement and Choice},
    author={Lerner, Jennifer S. and Keltner, Dacher},
    journal={Cognition \& Emotion},
    volume={14},
    number={4},
    pages={473--493},
    month=jul,
    year={2000},
    publisher={Taylor \& Francis},
    doi={10.1080/026999300402763}
}

@article{mayer2001emotional,
    title={Emotional Intelligence as a Standard Intelligence},
    author={Mayer, John D. and Salovey, Peter and Caruso, David R. and
    Sitarenios, Gill},
    journal={Emotion},
    editor={Davidon, Richard J. and Scherer, Klaus R.},
    volume={1},
    number={3},
    pages={232--242},
    month=sep,
    year={2001},
    publisher={American Psychological Association}
}

@inproceedings{mcduff2010affect,
    title={Affect Valence Inference from Facial Action Unit Spectrograms},
    author={McDuff, Daniel and El Kaliouby, Rana and Kassam, Karim and Picard,
    Rosalind},
    booktitle={2010 IEEE Computer Society Conference on Computer Vision and
    Pattern Recognition--Workshops},
    series={CVPRW 2010},
    pages={17--24},
    year={2010},
    publisher={June 13--18, 2010, San Francisco, CA, USA. IEEE},
    address={New York, NY, USA}
}

@inproceedings{hoque2009human,
    title={When Human Coders (and Machines) Disagree on the Meaning of Facial
    Affect in Spontaneous Videos},
    author={Hoque, Mohammed E. and el Kaliouby, Rana and Picard, Rosalind W.},
    booktitle={Intelligent Virtual Agents},
    editor={Ruttkay, Zs{\'o}fia and Kipp, Michael and Nijholt, Anton and
    Vilhj{\'a}lmsson, Hannes H{\"o}gni},
    series={Lecture Notes in Computer Science},
    volume={5773},
    pages={337--343},
    year={2009},
    publisher={Springer Berlin Heidelberg},
    address={Berlin, Heidelberg, Germany}
}

@article{aviezer2008angry,
    title={Angry, Disgusted, or Afraid? Studies on the Malleability of Emotion
    Perception},
    author={Aviezer, Hillel and Hassin, Ran R. and Ryan, Jennifer and Grady,
    Cheryl and Susskind, Josh and Anderson, Adam and Moscovitch, Morris and
    Bentin, Shlomo},
    journal={Psychological Science},
    volume={19},
    number={7},
    pages={724--732},
    month=jul,
    year={2008},
    publisher={SAGE Publications}
}

@article{Horikawa872192,
    title={The Neural Representation of Visually Evoked Emotion is
    High-dimensional, Categorical, and Distributed Across Transmodal Brain
    Regions},
    author={Horikawa, Tomoyasu and Cowen, Alan S. and Keltner, Dacher and
    Kamitani, Yukiyasu},
    journal={iScience},
    volume={23},
    number={5},
    numpages={44},
    month=may,
    year={2020},
    publisher={Elsevier},
    doi={10.1016/j.isci.2020.101060}
}

@article {CowenE7900,
    title = {Self-report Captures 27 Distinct Categories of Emotion Bridged by
    Continuous Gradients},
    author = {Cowen, Alan S. and Keltner, Dacher},
    journal = {Proceedings of the National Academy of Sciences},
    editor={LeDoux, Joseph E.},
    volume = {114},
    number = {38},
    pages = {E7900--E7909},
    month=sep,
    year = {2017},
    publisher = {National Academy of Sciences},
    doi={10.1073/pnas.1702247114}
}

@article{maslow1943theory,
    title={A Theory of Human Motivation},
    author={Maslow, Abraham Harold},
    journal={Psychological Review},
    editor={Langfeld, Herbert S.},
    volume={50},
    number={4},
    pages={370--396},
    month=jul,
    year={1943},
    publisher={American Psychological Association}
}

@article{mayer1995integrative,
    author = {Mayer, Roger C. and Davis, James H. and Schoorman, F. David},
    title = {An Integrative Model of Organizational Trust},
    journal = {Academy of Management Review},
    editor={Thatcher, Sherry},
    volume = {20},
    number = {3},
    pages = {709--734},
    month=jul,
    year = {1995},
    publisher = {Academy of Management},
}

@article{rempel1985trust,
    title={Trust in Close Relationships},
    author={Rempel, John K. and Holmes, John G. and Zanna, Mark P.},
    journal={Journal of Personality and Social Psychology},
    editor={Helmriech, Robert L.},
    volume={49},
    number={1},
    pages={95--112},
    month=jul,
    year={1985},
    publisher={American Psychological Association}
}

@misc{copingquestions,
    title = {Ways of Coping (Revised) [Measurement Instrument]},
    year = {1985},
    author = {Folkman, Susan and Lazarus, Richard},
    url =
    {https://prevention.ucsf.edu/sites/prevention.ucsf.edu/files/uploads/tools/surveys/pdf/Ways%20of%20coping.pdf},
    lastaccessed={January 7, 2022}
}

@article{friedman2009brain,
    title={The Brain's Orienting Response: An Event-related Functional Magnetic
    Resonance Imaging Investigation},
    author={Friedman, David and Goldman, Robin and Stern, Yaakov and Brown,
    Truman R.},
    journal={Human Brain Mapping},
    volume={30},
    number={4},
    pages={1144--1154},
    month=apr,
    year={2009},
    publisher={Wiley Online Library},
    doi={10.1002/hbm.20587}
}

@incollection{davis1984mammalian,
    title={The Mammalian Startle Response},
    author={Davis, Michael},
    booktitle={Neural Mechanisms of Startle Behavior},
    editor={Eaton, Robert C.},
    chapter={10},
    pages={287--351},
    year={1984},
    publisher={Springer US},
    address={Boston, MA, USA},
    doi={10.1007/978-1-4899-2286-1_10}
}

@book{slavin2012educational,
    title={Educational Psychology: Theory and Practice},
    author={Slavin, Robert E.},
    edition={10th},
    publisher={Pearson},
    address={Upper Sadle River, NJ, USA},
    year={2012}
}

@incollection{fougnie2008relationship,
    title={The Relationship Between Attention and Working Memory},
    author={Fougnie, Daryl},
    booktitle={New Research on Short-term Memory},
    editor={Johansen, Noah B.},
    volume={1},
    chapter={1},
    pages={1--45},
    year={2008},
    publisher={Nova Biomedical Books},
    address={Hauppauge, NY, USA}
}

@incollection{smith_scott_mandler_1997,
    title={A Componential Approach to the Meaning of Facial Expressions},
    author={Smith, Craig A. and Scott, Heather S.},
    booktitle={The Psychology of Facial Expression},
    editor={Russell, James A. and Fern{\'a}ndez-Dols, Jos{\'e} Miguel},
    series={Studies in Emotion and Social Interaction},
    chapter={10},
    pages={229--254},
    year={1997},
    publisher={Cambridge University Press},
    address={Cambridge, UK},
    doi={10.1017/CBO9780511659911.012},
}

@incollection{smith2000consequences,
    title={Consequences Require Antecedents: {T}oward a Process Model of
    Emotion Elicitation},
    author={Smith, Craig A. and Kirby, Leslie D.},
    booktitle={Feeling and Thinking: The Role of Affect in Social Cognition},
    editor={Forgas, Joseph P.},
    series={Studies in Emotion and Social Interaction},
    pages={83--106},
    chapter={4},
    year={2000},
    publisher={Cambridge University Press},
    address={Cambridge, UK},
    isbn={978-0-5216-4223-1},
    note={ISBN 978-0-5216-4223-1}
}

@incollection{smith2001toward,
    title={Toward Delivering on the Promise of Appraisal Theory},
    author={Smith, Craig A. and Kirby, Leslie D.},
    booktitle={Appraisal Processes in Emotion: Theory, Methods, Research},
    editor = {Scherer, Klaus R. and Schorr, Angela and Johnstone, Tom},
    series = {Series in Affective Science},
    chapter={6},
    pages={121--138},
    year={2001},
    publisher={Oxford University Press},
    address={New York, NY, USA},
    isbn={978-0-1953-5154-5},
    note={ISBN 978-0-1953-5154-5}
}

@misc{smith1996toward,
    title={Toward a Process Model of Appraisal in Emotion. In
    \textit{Proceedings of the IXth Conference of the International Society for
    Research on Emotions (ISRE'96)}, Nico H. Frijda (Ed.)},
    author={Smith, Craig A. and Griner, Laura A. and Kirby, Leslie D. and
    Scott, Heather S.},
    booktitle={Proceedings of the IXth Conference of the International Society
    for Research on Emotions (ISRE'96)},
    year={1996},
    note={Storrs, CT, USA. ISRE Publications, Washington, DC, USA, 101--105}
}

@inproceedings{smith2000structure,
    title={The Structure of Appraisal in Emotion},
    author={Smith, Craig A. and Kirby, Leslie D.},
    booktitle={Proceedings of the XIth Conference of the International Society
    for Research on Emotions},
    editor={Kappas, Arvid},
    series={ISRE 2000},
    pages={354--356},
    year={2000},
    publisher={August 16--20, 2000, Quebec City, QC, Canada. ISRE Publications},
    address={Amsterdam, The Netherlands},
    isbn={90-5470-101-3},
    note={ISBN 90-5470-101-3}
}

@article{smith2009relational,
    title={Relational Antecedents of Appraised Problem-Focused Coping Potential
    and its Associated Emotions},
    author={Smith, Craig A. and Kirby, Leslie D.},
    journal={Cognition \& Emotion},
    volume={23},
    number={3},
    pages={481--503},
    month=apr,
    year={2009},
    publisher={Taylor \& Francis},
    doi={10.1080/02699930802009464}
}

@article{smith2009putting,
    title={Putting Appraisal in Context: {T}oward a Relational Model of
    Appraisal and Emotion},
    author={Smith, Craig A. and Kirby, Leslie D.},
    journal={Cognition \& Emotion},
    volume={23},
    number={7},
    pages={1352--1372},
    month=nov,
    year={2009},
    publisher={Taylor \& Francis},
    doi={10.1080/02699930902860386}
}

@misc{yih2016distinct,
    title={The Distinct Cognitive Appraisals, Motivational Goals, and Coping
    Patterns of Eight Negative Emotions. In \textit{Poster Session XVII},
    Poster XVII-011},
    author={Yih, Jennifer and Kirby, Leslie D. and Smith, Craig A.},
    month=may,
    year={2016},
    note={May 29, 2016. Part of the 28th Association for Psychological
    Science Annual Convention (APS 2016), May 26--29, 2016, Chicago, IL, USA.
    \url{https://www.researchgate.net/publication/314350198_The_distinct_cognitive_appraisals_motivational_goals_and_coping_patterns_of_eight_negative_emotions}},
}

@misc{yih2016patterns,
    title = {The Patterns of Appraisal, Motivation, and Behavior Associated
    with 12 Positive Emotions. In \textit{Poster Session C}, Poster C-16},
    author = {Yih, Jennifer and Kirby, Leslie D. and Smith, Craig A.},
    month=mar,
    year = {2016},
    note = {March 19, 2016. Part of the 3rd Annual Conference of the Society
    for Affective Science (SAS 2016) Annual Conference, March 17--19, 2016,
    Chicago, IL, USA.
    \url{https://www.researchgate.net/publication/299861185_The_patterns_of_appraisal_motivation_and_behavior_associated_with_12_positive_emotions}},
}

@article{yih2020profiles,
    title={Profiles of Appraisal, Motivation, and Coping for Positive Emotions},
    author={Yih, Jennifer and Kirby, Leslie D. and Smith, Craig A.},
    journal={Cognition \& Emotion},
    volume={34},
    number={3},
    pages={481--497},
    month=may,
    year={2020},
    publisher={Taylor \& Francis},
    doi={10.1080/02699931.2019.1646212}
}

@article{bolles1980perceptual,
    title={A Perceptual-Defensive-Recuperative Model of Fear and Pain},
    author={Bolles, Robert C. and Fanselow, Michael S.},
    journal={Behavioral and Brain Sciences},
    volume={3},
    number={2},
    pages={291--301},
    month=jun,
    year={1980},
    publisher={Cambridge University Press}
}

@article{wierzbicka1992defining,
    title={Defining Emotion Concepts},
    author={Wierzbicka, Anna},
    journal={Cognitive Science},
    volume={16},
    number={4},
    pages={539--581},
    month=oct # "--" # dec,
    year={1992},
    publisher={Elsevier},
    doi={10.1016/0364-0213(92)90031-O}
}

@book{wierzbicka1999emotions,
    title={Emotions Across Languages and Cultures: Diversity and Universals},
    author={Wierzbicka, Anna},
    series={Studies in Emotion and Social Interaction (Second Series)},
    year={1999},
    publisher={Cambridge University Press},
    address={New York, NY, USA},
    isbn={0-521-59971-7},
    note={ISBN 0-521-59971-7}
}

@article{zajonc1984primacy,
    title={On the Primacy of Affect},
    author={Zajonc, R. B.},
    journal={American Psychologist},
    editor={Pallak, Michael S.},
    volume={39},
    number={2},
    pages={117--124},
    month=feb,
    year={1984},
    publisher={American Psychological Association, Inc.},
    doi={10.1037/0003-066X.39.2.117}
}

@article{parkinson2009holds,
    title={What Holds Emotions Together? Meaning and Response Coordination},
    author={Parkinson, Brian},
    journal={Cognitive Systems Research},
    editor={Gratch, Jonathan and Marsella, Stacy and Petta, Paolo},
    volume={10},
    number={1},
    pages={31--47},
    month=mar,
    year={2009},
    publisher={Elsevier}
}

@article{oatley1987towards,
    title={Towards a Cognitive Theory of Emotions},
    author={Oatley, Keith and Johnson-Laird, Philip N.},
    journal={Cognition \& Emotion},
    editor={Watts, Fraser N. and Ellis, Henry C.},
    volume={1},
    number={1},
    pages={29--50},
    month=mar,
    year={1987},
    publisher={Taylor \& Francis},
    doi={10.1080/02699938708408362}
}

@article{johnson1992basic,
    title={Basic Emotions, Rationality, and Folk Theory},
    author={Johnson-Laird, Philip N. and Oatley, Keith},
    journal={Cognition \& Emotion},
    volume={6},
    number={3--4},
    pages={201--223},
    month=may,
    year={1992},
    publisher={Taylor \& Francis},
    doi={10.1080/02699939208411069}
}

@book{oatley1992best,
    title={Best Laid Schemes: The Psychology of the Emotions},
    author={Oatley, Keith},
    series={Studies in Emotion and Social Interaction},
    year={1992},
    publisher={Cambridge University Press},
    address={New York, NY, USA},
    isbn={0-521-41037-1},
    note={ISBN 0-521-41037-1}
}

@incollection{oatley2000sentiments,
    title={The Sentiments and Beliefs of Distributed Cognition},
    author={Oatley, Keith},
    booktitle={Emotions and Beliefs: How Feelings Influence Thoughts},
    editor={Frijda, Nico H. and Manstead, Antony S. R. and Bem, Sacha},
    pages={78--107},
    chapter={4},
    year={2000},
    publisher={Cambridge University Press},
    address={Cambridge, UK},
    doi={10.1017/cbo9780511659904.004}
}

@incollection{frijda1992complexity,
    title={The Complexity of Intensity: Issues Concerning the Structure of
    Emotion Intensity},
    author={Frijda, Nico H. and Ortony, Andrew and Sonnemans, Joep and Clore,
    Gerald L.},
    booktitle={Emotion},
    editor={Clark, Margaret S.},
    series={Review of Personality and Social Psychology},
    volume={13},
    chapter={3},
    pages={60--89},
    year={1992},
    publisher={Sage Publications},
    address={Newbury Park, CA, USA},
    isbn={978-0-8039-4613-2},
    note={ISBN 978-0-8039-4613-2}
}

@article{remington2000reexamining,
    title={Reexamining the Circumplex Model of Affect},
    author={Remington, Nancy A. and Fabrigar, Leandre R. and Visser, Penny S.},
    journal={Journal of Personality and Social Psychology},
    editor={Diener, Ed},
    volume={79},
    number={2},
    pages={286--300},
    month= aug,
    year={2000},
    publisher={American Psychological Association},
    doi={10.1037/0022-3514.79.2.286}
}

@article{feldman1995variations,
    title={Variations in the Circumplex Structure of Mood},
    author={Feldman, Lisa A.},
    journal={Personality and Social Psychology Bulletin},
    volume={21},
    number={8},
    pages={806--817},
    month=aug,
    year={1995},
    publisher={Sage},
    address={Thousand Oaks, CA, USA},
    doi={10.1177/0146167295218003}
}

@incollection{panksepp1994basic,
    title={Basic Emotions Ramify Widely in the Brain, Yielding Many Concepts
    That Cannot Be Distinguished Unambiguously...Yet},
    author={Panksepp, Jaak},
    booktitle={The Nature of Emotion: Fundamental Questions},
    year = {1994},
    editor = {Ekman, Paul and Davidson, Richard J.},
    series = {Series in Affective Science},
    publisher = {Oxford University Press},
    address = {New York, NY, USA},
    chapter={2.7},
    pages = {86--88},
    isbn={978-0-1950-8944-8},
    note={ISBN 978-0-1950-8944-8}
}

@article{weaver1948probability,
    title={Probability, Rarity, Interest, and Surprise},
    author={Weaver, Warren},
    journal={The Scientific Monthly},
    editor={Baitsell, George},
    volume={67},
    number={6},
    pages={390--392},
    month= dec,
    year={1948},
    publisher={JSTOR},
    url={https://www.jstor.org/stable/22339}
}

@article{keltner1996evidence,
    title={Evidence for the Distinctness of Embarrassment, Shame, and Guilt:
    {A} Study of Recalled Antecedents and Facial Expressions of Emotion},
    author={Keltner, Dacher and Buswell, Brenda N.},
    journal={Cognition \& Emotion},
    volume={10},
    number={2},
    pages={155--172},
    month=mar,
    year={1996},
    publisher={Taylor \& Francis},
    doi={10.1080/026999396380312}
}

@article{julle2020there,
    title={Are There Non-Verbal Signals of Guilt?},
    author={Julle-Dani{\`e}re, Eglantine and Whitehouse, Jamie and Mielke,
    Alexander and Vrij, Aldert and Gustafsson, Erik and Micheletta,
    J{\'e}r{\^o}me and Waller, Bridget M.},
    journal={PLoS ONE},
    volume={15},
    number={4},
    articleno={e0231756},
    numpages={27},
    month=apr,
    year={2020},
    publisher={Public Library of Science San Francisco, CA USA},
    doi={10.1371/journal.pone.0231756}
}

@article{onu2016admiration,
    title={Admiration: {A} Conceptual Review},
    author={Onu, Diana and Kessler, Thomas and Smith, Joanne R.},
    journal={Emotion Review},
    volume={8},
    number={3},
    pages={218--230},
    month=jul,
    year={2016},
    publisher={Sage Publications Sage UK: London, England},
    doi={10.1177/1754073915610438}
}

@article{schindler2013admiration,
    title={Admiration and Adoration: {T}heir Different Ways of Showing and
    Shaping Who We Are},
    author={Schindler, Ines and Zink, Veronika and Windrich, Johannes and
    Menninghaus, Winfried},
    journal={Cognition \& Emotion},
    volume={27},
    number={1},
    pages={85--118},
    month=jan,
    year={2013},
    publisher={Taylor \& Francis},
    doi={10.1080/02699931.2012.698253}
}

@article{brooks2019neuroimaging,
    title={Neuroimaging of Person Perception: {A} Social-Visual Interface},
    author={Brooks, Jeffrey A. and Freeman, Jonathan B.},
    journal={Neuroscience Letters},
    editor={Wager, Tor D. and Shackman, Alexander J.},
    volume={693},
    pages={40--43},
    month=feb,
    year={2019},
    publisher={Elsevier},
    doi={10.1016/j.neulet.2017.12.046}
}

@book{desousa1987rationality,
    title={The Rationality of Emotion},
    author={de Sousa, Ronald},
    year={1987},
    publisher={MIT Press},
    address = {Cambridge, MA, USA},
    isbn={0-262-04092-1},
    note={ISBN 0-262-04092-1}
}

@incollection{mondino2021definitions,
    author={Mondino, Alejandra and Torterolo, Pablo and Vanini, Giancarlo},
    title={Definitions and Measurements of the States of Vigilance},
    booktitle = {Methodological Approaches for Sleep and Vigilance Research},
    year = {2021},
    editor = {Murillo-Rodriguez, Eric},
    pages = {1--16},
    chapter={1},
    publisher = {Academic Press},
    address = {London, UK},
    doi={10.1016/B978-0-323-85235-7.00002-8}
}