@inproceedings{SmithAndLai2005,
    title = {A New Requirements Template for Scientific Computing},
    author = {Smith, Spencer and Lai, Lei},
    booktitle = {Proceedings of the 1st International Workshop on Situational
    Requirements Engineering Processes---Methods, Techniques and Tools to
    Support Situation-Specific Requirements Engineering Processes},
    series={SREP'05},
    editor = {Ralyt\'{e}, Jolita and \.{A}gerfalk, P{\"a}r J. and Kraiem,
    Naoufel},
    pages = {107--121},
    organization = {August 29--30, 2005. Held in conjunction with 13th IEEE
    International Requirements Engineering Conference (RE'05)},
    year = {2005},
    publisher={August 29--September 2, 2005, Paris, France. University of
    Limerick},
    address = {Limerick, Ireland},
    isbn={1-874653-82-8},
    note={ISBN 1-874653-82-8}
}

@article{SmithEtAl2007,
    title = {Requirements Analysis for Engineering Computation: A Systematic
    Approach for Improving Software Reliability},
    author = {Smith, Spencer and Lai, Lei and Khedri, Ridha},
    journal = {Reliable Computing},
    volume = {13},
    number = {1},
    pages = {83--107},
    month = feb,
    year = {2007},
    doi={10.1007/s11155-006-9020-7}
}

@book{robertson2010mastering,
    title={Mastering the Requirements Process},
    author={Robertson, Suzanne and Robertson, James},
    year={2010},
    edition={2nd},
    publisher={Addison-Wesley},
    address={Upper Saddle River, NJ, USA},
    isbn={978-0-321-41949-1},
    note={ISBN 978-0-321-41949-1}
}

@inproceedings{ParnasEtAl1984,
    title = {The Modular Structure of Complex Systems},
    author = {Parnas, David Lorge and Clements, Paul C. and Weiss, David M.},
    booktitle = {Proceedings of the 7th International Conference on Software
    Engineering},
    series={ICSE'84},
    pages = {408--417},
    year = {1984},
    publisher={March 26--29, 1984, Orlando, FL, USA. IEEE Press},
    address={Piscataway, NJ, USA},
    doi={10.5555/800054.801999}
}

@inproceedings{Parnas1978,
    title = {Designing Software for Ease of Extension and Contraction},
    author = {Parnas, David L.},
    booktitle = {Proceedings of the 3rd International Conference on Software
    Engineering},
    series={ICSE'78},
    pages = {264--277},
    year = {1978},
    publisher = {May 10--12, 1978, Atlanta, GA, USA. IEEE Press},
    address = {Piscataway, NJ, USA},
    doi={10.5555/800099.803218}
}

@article{Parnas1972a,
    title = {On the Criteria To Be Used in Decomposing Systems into Modules},
    author = {Parnas, D. L.},
    editor={Lynn, M. Stuart},
    journal = {Communications of the ACM},
    volume = {15},
    number = {12},
    pages = {1053--1058},
    month = dec,
    year = {1972},
    doi={10.1145/361598.361623}
}

@inproceedings{smith2016advantages,
    title={Advantages, Disadvantages and Misunderstandings About Document
    Driven Design for Scientific Software},
    author={Smith, Spencer and Jegatheesan, Thulasi and Kelly, Diane},
    booktitle={Proceedings of the 2016 Fourth International Workshop on
    Software Engineering for High Performance Computing in Computational
    Science and Engineering},
    series={SE-HPCCSE},
    month= nov  # " 14,",
    year={2016},
    pages={41--48},
    publisher={November 14, 2016, Salt Lake City, UT, USA. IEEE},
    address={New York, NY, USA},
    doi={10.1109/SE-HPCCSE.2016.010}
}

@article{smith2009document,
    title={A document driven methodology for developing a high quality Parallel
    Mesh Generation Toolbox},
    author={Smith, Spencer and Yu, Wen},
    journal={Advances in Engineering Software},
    volume={40},
    number={11},
    pages={1155--1167},
    month=nov,
    year={2009},
    publisher={Elsevier},
    doi={10.1016/j.advengsoft.2009.05.003}
}

@incollection{nise2011control,
    title={Time Response},
    author={Nise, Norman S.},
    booktitle={Control Systems Engineering},
    edition={6th},
    pages={161--234},
    chapter={4},
    year={2011},
    publisher={John Wiley \& Sons},
    address={New York, NY, USA},
    isbn={978-0-470-54756-4},
    note={ISBN 978-0-470-54756-4}
}

@book{HoffmanAndStrooper1995,
    title = {Software Design, Automated Testing, and Maintenance: A Practical
    Approach},
    author = {Daniel M. Hoffman and Paul A. Strooper},
    year = {1995},
    publisher = {International Thomson Computer Press},
    address = {New York, NY, USA},
    Local-Url =
    {file://localhost/Users/smiths/LongTermArchives/Work/Research/References/SoftwareEngineering/software-design-automated-testing.pdf},
    Url = {http:// citeseer.ist.psu.edu/428727.html},
}

@article{prismas,
    title={{PRISMA-S: A}n extension to the {PRISMA} Statement for Reporting
    Literature Searches in Systematic Reviews},
    author={Rethlefsen, Melissa L. and Kirtley, Shona and Waffenschmidt, Siw
    and Ayala, Ana Patricia and Moher, David and Page, Matthew J. and Koffel,
    Jonathan B. and {PRISMA-S Group}},
    journal={Systematic Reviews},
    volume={10},
    number={1},
    note={{Art. no.} 39},
    numpages={19},
    month=jan,
    year={2021},
    publisher={BioMed Central Ltd.},
    doi={10.1186/s13643-020-01542-z}
}

@article{bowen2009document,
    title={Document Analysis as a Qualitative Research Method},
    author={Bowen, Glenn A.},
    journal={Qualitative Research Journal},
    volume={9},
    number={2},
    pages={127--40},
    month=aug,
    year={2009},
    publisher={Emerald Group Publishing Limited},
    doi={10.3316/QRJ0902027}
}
