@misc{SpiritAI,
    author = {{Spirit AI Ltd.}},
    title  = {{Character Engine}},
    year   = {2018},
    url    = {https://spiritai.com/},
    lastaccessed={April 30, 2019}
}

@inproceedings{EmotionML,
    title={{EmotionML---An Upcoming Standard for Representing Emotions and
    Related States}},
    author={Schr{\"o}der, Marc and Baggia, Paolo and Burkhardt, Felix and
    Pelachaud, Catherine and Peter, Christian and Zovato, Enrico},
    booktitle={Affective Computing and Intelligent Interaction},
    editor={D'Mello, Sidney and Graesser, Arthur and Schuller, Björn and
    Martin, Jean-Claude},
    series={Lecture Notes in Computer Science},
    volume={6974},
    pages={316--325},
    year={2011},
    publisher={Springer Berlin Heidelberg},
    address={Berlin, Heidelberg, Germany}
}

@misc{burkhardt2008emotion,
    author = {Burkhardt, Felix and Schr{\"o}der, Marc},
    title  = {{Emotion Markup Language: Requirements with Priorities}},
    year   = {2008},
    url={https://www.w3.org/2005/Incubator/emotion/XGR-requirements-20080513/},
    lastaccessed={January 5, 2022}
}

@article{weizenbaum1966eliza,
    title={{ELIZA}---{A} Computer Program for the Study of Natural Language
    Communication Between Man and Machine},
    author={Weizenbaum, Joseph},
    journal={Communications of the ACM},
    volume={9},
    number={1},
    pages={36--45},
    month=jan,
    year={1983},
    publisher={ACM},
    address={New York, NY, USA}
}

@article{colby1981modeling,
    title={Modeling a Paranoid Mind},
    author={Colby, Kenneth Mark},
    journal={Behavioral and Brain Sciences},
    volume={4},
    number={4},
    pages={515--534},
    month=dec,
    year={1981},
    publisher={Cambridge University Press},
    address={Cambridge, UK}
}

@misc{baggia2008elements,
    author = {Baggia, Paolo and Burkhardt, Felix and Martin, Jean-Claude and
    Pelachaud, Catherine and Peter, Christian and Schuller, Björn and Wilson,
    Ian and Zovato, Enrico},
    title  = {Elements of an {EmotionML 1.0}. In \textit{W3C Incubator Group
    Report}, Marc Schr{\"o}der (Ed.)},
    editor={Schr{\"o}der, Marc},
    year   = {2008},
    url={https://www.w3.org/2005/Incubator/emotion/XGR-emotionml/},
    lastaccessed={January 5, 2022}
}

@misc{schroder2007w3c,
    author = {Schr{\"o}der, Marc and Zovato, Enrico and Pirker, Hannes and
    Peter, Christian and Burkhardt, Felix \relax{(Eds.)}},
    title  = {{W3C} Emotion Incubator Group Report},
    year   = {2007},
    url={https://www.w3.org/2005/Incubator/emotion/XGR-emotion/},
    lastaccessed={January 5, 2022}
}

@inproceedings{schroder2007should,
    title={What Should a Generic Emotion Markup Language be able to Represent?},
    author={Schr{\"o}der, Marc and Devillers, Laurence and Karpouzis, Kostas
    and Martin, {Jean-Claude} and Pelachaud, Catherine and Peter, Christian and
    Pirker, Hannes and Schuller, Bj{\"o}rn and Tao, Jianhua and Wilson, Ian},
    booktitle={Affective Computing and Intelligent Interaction},
    editor={Paiva, Ana C. R. and Prada, Rui and Picard, Rosalind W.},
    series={Lecture Notes in Computer Science},
    volume={4738},
    pages={440--451},
    year={2007},
    publisher={Springer Berlin Heidelberg},
    address={Berlin, Heidelberg, Germany}
}

@incollection{burkhardt2017emotionml,
    title={{EmotionML}},
    author={Burkhardt, Felix and Pelachaud, Catherine and Schuller, Bj{\"o}rn
    W. and Zovato, Enrico},
    booktitle={Multimodal Interaction with {W3C} Standards: Toward Natural User
    Interfaces to Everything},
    editor={Dahl, Deborah A.},
    pages={65--80},
    year={2017},
    publisher={Springer International Publishing},
    address={Cham, Switzerland}
}

@inproceedings{burkhardt2014application,
    title = {Application of {EmotionML}},
    author = {Burkhardt, Felix and Becker-Asano, Christian and Begoli, Edmon
    and Cowie, Roddy and Fobe, Gerhard and Gebhard, Patrick and Kazemzadeh, Abe
    and Steiner, Ingmar and Llewellyn, Tim},
    editor = {Hoffmann, R\"udiger},
    booktitle = {Studientexte zur Sprachkommunikation: Elektronische
    Sprachsignalverarbeitung 2014},
    pages = {201--208},
    year = {2014},
    publisher = {TUDpress},
    address={Dresden, Germany}
}

@incollection{schroder2011representing,
    title={Representing Emotions and Related States in Technological Systems},
    author={Schr{\"o}der, Marc and Pirker, Hannes and Lamolle, Myriam and
    Burkhardt, Felix and Peter, Christian and Zovato, Enrico},
    booktitle={Emotion-Oriented Systems: The Humaine Handbook},
    editor={Cowie, Roddy and Pelachaud, Catherine and Petta, Paolo},
    series={Cognitive Technologies},
    pages={369--387},
    year={2011},
    publisher={Springer Berlin Heidelberg},
    address={Berlin, Heidelberg, Germany}
}

@inproceedings{schroder2006first,
    title={First Suggestions for an Emotion Annotation and Representation
    Language},
    author={Schr{\"o}der, Marc and Pirker, Hannes and Lamolle, Myriam},
    booktitle={Proceedings of 5th International Conference on Language
    Resources and Evaluation Workshop on Emotion: Corpora for Research on
    Emotion and Affect},
    series={LREC'06},
    pages={88--92},
    year={2006},
    publisher={May 23, 2006, Genoa, Italy. ELRA},
    address={Paris, France}
}

@misc{schroder2011vocabularies,
    author = {Ashimura, Kazuyuki and Baggia, Paolo and Oltramari, Alessandro
    and Peter, Christian and Zovato, Enrico},
    title  = {Vocabularies for {EmotionML}},
    year   = {2014},
    url={https://www.w3.org/TR/emotion-voc/},
    lastaccessed={January 5, 2022}
}

@incollection{cowie1999neural,
    title={What a Neural Net Needs to Know about Emotion Words},
    author={Cowie, Roddy and Douglas-Cowie, Ellen and Apolloni, Bruno and
    Taylor, John and Romano, Antonio and Fellenz, Winfried},
    booktitle={Computational Intelligence and Applications},
    editor={Mastorakis, Nikos E.},
    pages={109--114},
    year={1999},
    publisher={WSEAS Press},
    address={\url{http://www.wseas.org/}}
}

@article{fontaine2007world,
    title={The World of Emotions is Not Two-Dimensional},
    author={Fontaine, Johnny R. J. and Scherer, Klaus R. and Roesch, Etienne B.
    and Ellsworth, Phoebe C.},
    journal={Psychological Science},
    volume={18},
    number={12},
    pages={1050--1057},
    month=dec,
    year={2007},
    publisher={Sage Publications}
}

@book{mitchell2004use,
    title={The Use of Computer and Video Games for Learning: A Review of the
    Literature},
    author={Mitchell, Alice and Savill-Smith, Carol},
    year={2004},
    publisher={Learning and Skills Development Agency},
    address={London, UK}
}

@inproceedings{prendinger2002scream,
    title={{SCREAM}: Scripting Emotion-based Agent Minds},
    author={Prendinger, Helmut and Ishizuka, Mitsuru},
    booktitle={Proceedings of the First International Joint Conference on
    Autonomous Agents and Multiagent Systems: Part 1},
    series={AAMAS'02},
    pages={350--351},
    year={2002},
    publisher={July 15--19, 2002, Bologna, Italy. ACM},
    address={New York, NY, USA}
}

@inproceedings{prendinger2002bodymind,
    title={Scripting the Bodies and Minds of Life-Like Characters},
    author={Prendinger, Helmut and Descamps, Sylvain and Ishizuka, Mitsuru},
    booktitle={PRICAI 2002: Trends in Artificial Intelligence},
    editor={Ishizuka, Mitsuru and Sattar, Abdul},
    pages={571--580},
    series={Lecture Notes in Computer Science},
    volume={2417},
    year={2002},
    publisher={Springer Berlin Heidelberg},
    address={Berlin, Heidelberg, Germany}
}

@article{prendinger2002scripting,
    title={Scripting Affective Communication with Life-Like Characters in
    Web-based Interaction Systems},
    author={Prendinger, Helmut and Descamps, Sylvain and Ishizuka, Mitsuru},
    journal={Applied Artificial Intelligence},
    volume={16},
    number={7--8},
    pages={519--553},
    month=aug,
    year={2002},
    publisher={Taylor \& Francis}
}

@incollection{prendinger2004mpml,
    title={{MPML and SCREAM: S}cripting the Bodies and Minds of Life-Like
    Characters},
    author={Prendinger, Helmut and Saeyor, Santi and Ishizuka, Mitsuru},
    booktitle={Life-Like Characters: Tools, Affective Functions, and
    Applications},
    editor={Prendinger, Helmut and Ishizuka, Mitsuru},
    pages={213--242},
    year={2004},
    series={Cognitive Technologies},
    publisher={Springer Berlin Heidelberg},
    address={Berlin, Heidelberg, Germany},
    doi={10.1007/978-3-662-08373-4_10}
}

@article{neisser1963imitation,
    title={The Imitation of Man by Machine},
    author={Neisser, Ulric},
    journal={Science},
    volume={139},
    number={3551},
    pages={193--197},
    month=jan,
    year={1963},
    publisher={American Association for the Advancement of Science}
}

@article{lida,
    title={{LIDA}: {A} Systems-Level Architecture for Cognition, Emotion, and
    Learning},
    author={Franklin, Stan and Madl, Tamas and D'Mello, Sidney and Snaider,
    Javier},
    journal={IEEE Transactions on Autonomous Mental Development},
    volume={6},
    number={1},
    pages={19--41},
    month=mar,
    year={2014},
    doi={10.1109/TAMD.2013.2277589}
}

@article{sun2016emotion,
    title={Emotion: {A} Unified Mechanistic Interpretation from a Cognitive
    Architecture},
    author={Sun, Ron and Wilson, Nick and Lynch, Michael},
    journal={Cognitive Computation},
    volume={8},
    number={1},
    pages={1--14},
    month= feb,
    year={2016},
    publisher={Springer},
    doi={10.1007/s12559-015-9374-4}
}

@incollection{soarEmotion,
    title={Emotion},
    author={Laird, John E. and {Marinier III}, Robert P.},
    booktitle={The {Soar} Cognitive Architecture},
    pages={271--285},
    chapter={11},
    year={2012},
    publisher={MIT Press},
    address={Cambridge, MA, USA},
    isbn={978-0-2623-0114-5},
    note={ISBN 978-0-2623-0114-5}
}

@incollection{soarIntro,
    title={Introduction},
    author={Laird, John E.},
    booktitle={The {Soar} Cognitive Architecture},
    pages={1--25},
    chapter={1},
    year={2012},
    publisher={MIT Press},
    address={Cambridge, MA, USA},
    isbn={978-0-2623-0114-5},
    note={ISBN 978-0-2623-0114-5}
}

@inproceedings{marinier2004toward,
    title={Toward a Comprehensive Computational Model of Emotions and Feelings},
    author={{Marinier III}, Robert P. and Laird, John E.},
    booktitle={Proceedings of the Sixth International Conference on Cognitive
    Modeling},
    series={ICCM-2004},
    pages={172--177},
    year={2004},
    publisher={July 30--August 1, 2004, Pittsburgh, PA, USA. Psychology Press},
    address={East Sussex, UK}
}

@book{newell1994unified,
    title={Unified Theories of Cognition},
    author={Newell, Allen},
    year={1990},
    publisher={Harvard University Press},
    address={Cambridge, MA, USA},
    isbn={978-0-6749-2099-6},
    note={ISBN 978-0-6749-2099-6}
}

@misc{actr,
    author = {{ACT-R Research Group}},
    title  = {{ACT-R}},
    year   = {2002},
    url={http://act-r.psy.cmu.edu/},
    lastaccessed={January 5, 2022}
}

@article{dancy2013act,
    title={{ACT-R}$\Phi$: A Cognitive Architecture with Physiology and Affect},
    author={Dancy, Christopher L.},
    journal={Biologically Inspired Cognitive Architectures},
    volume={6},
    pages={40--45},
    month=oct,
    year={2013},
}

@inproceedings{belavkin2001role,
    title={The Role of Emotion in Problem Solving},
    author={Belavkin, Roman V.},
    booktitle={Proceedings of the AISB'01 Symposium on Emotion, Cognition and
    Affective Computing},
    series={AISB'01},
    pages={49--57},
    year={2001},
    publisher={March 23--24, 2001, York, UK. AISB},
    address={United Kingdom}
}

@article{sun2007importance,
    title={The Importance of Cognitive Architectures: An Analysis Based on
    {CLARION}},
    author={Sun, Ron},
    journal={Journal of Experimental \& Theoretical Artificial Intelligence},
    volume={19},
    number={2},
    pages={159--193},
    month=jun,
    year={2007},
}

@article{el2000flame,
    title={{FLAME}---{F}uzzy {L}ogic {A}daptive {M}odel of {E}motions},
    author={El-Nasr, Magy Seif and Yen, John and Ioerger, Thomas R.},
    journal={Autonomous Agents and Multi-Agent Systems},
    volume={3},
    number={3},
    pages={219--257},
    month=sep,
    year={2000},
    doi={10.1023/A:1010030809960}
}

@article{jain2015emia,
    title={{EMIA}: {E}motion Model for Intelligent Agent},
    author={Jain, Shikha and Asawa, Krishna},
    journal={Journal of Intelligent Systems},
    volume={24},
    number={4},
    pages={449--465},
    month=oct,
    year={2015},
    doi={10.1515/jisys-2014-0071}
}

@article{marsella2009ema,
    title={{EMA}: A Process Model of Appraisal Dynamics},
    author={Marsella, Stacy C. and Gratch, Jonathan},
    journal={Cognitive Systems Research},
    volume={10},
    number={1},
    pages={70--90},
    month=mar,
    year={2009},
    doi={10.1016/j.cogsys.2008.03.005}
}

@inproceedings{jiang2007ebdi,
    title={{EBDI}: An Architecture for Emotional Agents},
    author={Jiang, Hong and Vidal, Jose M. and Huhns, Michael N.},
    booktitle={Proceedings of the 6th International Joint Conference on
    Autonomous Agents and Multiagent Systems},
    series={AAMAS'07},
    articleno={11},
    numpages={3},
    year={2007},
    publisher={May 14--18, 2007, Honolulu, HI, USA. ACM},
    address={New York, NY, USA}
}

@inproceedings{dang2009experimentation,
    title={Experimentation with {GRACE}, the Generic Model of Emotions for
    Computational Applications},
    author={Dang, {Thi-Hai-Ha} and Duhaut, Dominique},
    booktitle={Intelligent Systems and Automation (CISA'09)},
    editor={Beji, Lotfi and Otmane, Samir and Abichou, Azgal},
    volume={1107},
    pages={135--140},
    month= mar # " 23--25,",
    year={2009},
    publisher={AIP},
    address={Melville, NY, USA},
    doi={10.1063/1.3106461}
}
location={Zarzis, Tunisia},

@inproceedings{saint2007emotirob,
    title={{EmotiRob}: {C}ompanion Robot Project},
    author={Saint-Aim{\'e}, S{\'e}bastien and Le-Pevedic, Brigitte and Duhaut,
    Dominique and Shibata, Takanori},
    booktitle={Proceedings of the 16th IEEE International Symposium on Robot
    and Human Interactive Communication},
    series={RO-MAN 2007},
    pages={919--924},
    month=aug # " 26--29,",
    year={2007},
    publisher={August 26--29, 2007, Jeju, Korea (South). IEEE},
    address={New York, NY, USA},
    doi={10.1109/ROMAN.2007.4415215}
}
location={Jeju, Korea (South)},

@inproceedings{bates1992architecture,
    title={An Architecture for Action, Emotion, and Social Behavior},
    author={Bates, Joseph and Loyall, A. Bryan and Reilly, W. Scott},
    booktitle={Artificial Social Systems},
    editor={Castelfranchi, Cristiano and Werner, Eric},
    series={Lecture Notes in Computer Science},
    volume={830},
    pages={55--68},
    year={1992},
    publisher={Springer Berlin Heidelberg},
    address={Berlin, Heidelberg, Germany},
    doi={10.1007/3-540-58266-5_4}
}

@phdthesis{reilly1996believable,
    title={Believable Social and Emotional Agents},
    author={Reilly, W. Scott Neal},
    year={1996},
    department={Department of Computer Science},
    address={Pittsburgh, PA, USA},
    school={Department of Computer Science, Carnegie Mellon University},
    advisor={Joseph Bates and Jaime Carbonell},
    url={https://www.cs.cmu.edu/afs/cs/project/oz/web/papers.html}
}

@misc{reilly2006modelling,
    title={Modeling What Happens Between Emotional Antecedents and Emotional
    Consequents. Presentation in Session 5 of the \textit{Agent Construction
    and Emotions (ACE 2006): Modeling the Cognitive Antecedents and
    Consequences of Emotion}: A Humaine Workshop},
    author={Reilly, W. Scott Neal},
    month=apr,
    year={2006},
    note={April 19, 2006. Symposium M at the 18th European Meeting on
    Cybernetics and Systems Research (EMCSR 2006), April 18--21, 2006, Vienna,
    Austria.
    \url{https://www.ofai.at/~paolo.petta/conf/ace2006/pres/Reilly-ModelingWhatHappensBetween-E0144-pres.pdf}}
}

@inproceedings{bates1992integrating,
    title={Integrating Reactivity, Goals, and Emotion in a Broad Agent},
    author={Bates, Joseph and Loyall, A. Bryan and Reilly, W. Scott},
    booktitle={Proceedings of the Fourteenth Annual Conference of the Cognitive
    Science Society},
    pages={696--701},
    year={1992},
    publisher={July 29--August 1, 1992, Bloomington, IN, USA. Psychology Press},
    address={East Sussex, UK}
}

@incollection{mateas1999oz,
    title={An {Oz}-centric Review of Interactive Drama and Believable Agents},
    author={Mateas, Michael},
    editor={Woolridge, Michael J. and Veloso, Manuela},
    booktitle={Artificial Intelligence Today: Recent Trends and Developments},
    series={Lecture Notes in Computer Science/Lecture Notes in Artificial
    Intelligence},
    volume={1600},
    pages={297--328},
    year={1999},
    publisher={Springer Berlin Heidelberg},
    address={Berlin, Heidelberg, Germany}
}

@inproceedings{gebhard2005alma,
    title={{ALMA}: {A Layered Model of Affect}},
    author={Gebhard, Patrick},
    booktitle={Proceedings of the 4th International Joint Conference on
    Autonomous Agents and Multiagent Systems},
    series={AAMAS'05},
    pages={29--36},
    month= jul # " 25--29,",
    year={2005},
    publisher={July 25--29, 2005, Utrecht, The Netherlands. ACM},
    address={New York, NY, USA},
    doi={10.1145/1082473.1082478}
}

@inproceedings{gebhard2004coloring,
    title={Coloring Multi-Character Conversations Through the Expression of
    Emotions},
    author={Gebhard, Patrick and Klesen, Martin and Rist, Thomas},
    booktitle={Affective Dialogue Systems},
    editor={Andr{\'e}, Elisabeth and Dybkj{\ae}r, Laila and Minker, Wolfgang
    and Heisterkamp, Paul},
    series={Lecture Notes in Computer Science},
    volume={3068},
    pages={128--141},
    year={2004},
    publisher={Springer Berlin Heidelberg},
    address={Berlin, Heidelberg, Germany},
    doi={10.1007/978-3-540-24842-2_13}
}

@inproceedings{gebhard2006computer,
    title={Are Computer-Generated Emotions and Moods Plausible to Humans?},
    author={Gebhard, Patrick and Kipp, Kerstin H.},
    booktitle={Intelligent Virtual Agents},
    editor={Gratch, Jonathan and Young, Michael and Aylett, Ruth and Ballin,
    Daniel and Olivier, Patrick},
    series={Lecture Notes in Computer Science},
    volume={4133},
    pages={343--356},
    year={2006},
    publisher={Springer Berlin Heidelberg},
    address={Berlin, Heidelberg, Germany},
    doi={10.1007/11821830_28}
}

@article{popescu2014gamygdala,
    title={{GAMYGDALA}: {A}n Emotion Engine for Games},
    author={Popescu, Alexandru and Broekens, Joost and van Someren, Maarten},
    journal={IEEE Transactions on Affective Computing},
    volume={5},
    number={1},
    pages={32--44},
    month=jan # "--" # mar,
    year={2014},
    doi={10.1109/T-AFFC.2013.24}
}

@inproceedings{broekens2015emotion,
    title={Emotion Engines for Games in Practice: {T}wo Case Studies using
    {GAMYGDALA}},
    author={Broekens, Joost},
    booktitle={2015 International Conference on Affective Computing and
    Intelligent Interaction},
    series={ACII 2015},
    pages={790--791},
    year={2015},
    publisher={September 21--24, 2015, Xi'an, China. IEEE},
    address={New York, NY, USA},
    doi={10.1109/ACII.2015.7344662}
}
location={Xi'an, China}

@inproceedings{kaptein2015affective,
    title={The Affective Storyteller: {U}sing Character Emotion to Influence
    Narrative Generation},
    author={Kaptein, Frank and Broekens, Joost},
    booktitle={Intelligent Virtual Agents},
    editor={Brinkmanand, Willem-Paul and Broekens, Joost and Heylen, Dirk},
    series={Lecture Notes in Computer Science},
    volume={9238},
    pages={352--355},
    year={2015},
    publisher={Springer International Publishing},
    address={Cham, Switzerland},
    doi={10.1007/978-3-319-21996-7_38}
}

@inproceedings{korecko2014emotional,
    title={Emotional Agents as Non-Playable Characters in Games: {E}xperience
    with {J}adex and {JBdiEmo}},
    author={Kore{\v{c}}ko, {\v{S}}tefan and Sobota, Branislav and
    {\v{C}}urilla,
    Pavol},
    booktitle={2014 IEEE 15th International Symposium on Computational
    Intelligence and Informatics},
    series={CINTI},
    pages={471--476},
    month=nov,
    year={2014},
    publisher={November 19--21, 2014, Budapest, Hungary. IEEE},
    address={New York, NY, USA}
}

@misc{steunebrink2009occ,
    title={The {OCC} Model Revisited. In \textit{Proceedings of the 4th
    Workshop on Emotion and Computing---Current Research and Future Impact},
    Dirk Reichardt (Ed.)},
    author={Steunebrink, Bas R. and Dastani, Mehdi and Meyer, {John-Jules} C.},
    editor={Reichardt, Dirk},
    month=sep,
    year={2009},
    note={September 15, 2009. Held in conjunction with the 32nd Annual
    Conference on AI (KI 2009), September 15--18, 2009, Paderborn, Germany.
    \url{http://wwwlehre.dhbw-stuttgart.de/~reichardt/itemotion/2009/}},
}

@article{steunebrink2012formal,
    title={A Formal Model of Emotion Triggers: {A}n Approach for {BDI} Agents},
    author={Steunebrink, Bas R. and Dastani, Mehdi and Meyer, John-Jules Ch.},
    journal={Synthese},
    volume={185},
    number={Suppl. 1},
    pages={83--129},
    month=apr,
    year={2012},
    doi={10.1007/s11229-011-0004-8}
}

@incollection{pokahr2005jadex,
    title={Jadex: {A} {BDI} Reasoning Engine},
    author={Pokahr, Alexander and Braubach, Lars and Lamersdorf, Winfried},
    booktitle={Multi-Agent Programming: Languages, Platforms and Applications},
    editor={Bordini, Rafael H. and Dastani, Mehdi and Dix, J{\"u}rgen and {El
    Fallah Seghrouchni}, Amal},
    series={Multiagent Systems, Artificial Societies, and Simulated
    Organizations},
    volume={15},
    pages={149--174},
    chapter={6},
    year={2005},
    publisher={Springer US},
    address={Boston, MA, USA},
    doi={10.1007/0-387-26350-0_6}
}

@book{bratman1987intention,
    title={Intention, Plans, and Practical Reason},
    author={Bratman, Michael},
    year={1987},
    address={Cambridge, MA, USA},
    publisher={Harvard University Press}
}

@article{wooldridge1995intelligent,
    title={Intelligent Agents: Theory and Practice},
    author={Wooldridge, Michael and Jennings, Nicholas R.},
    journal={The Knowledge Engineering Review},
    volume={10},
    number={2},
    pages={115--152},
    month=jun,
    year={1995},
}

@article{frijda1987can,
    title={Can Computers Feel? {T}heory and Design of an Emotional System},
    author={Frijda, Nico H. and Swagerman, Jaap},
    journal={Cognition \& Emotion},
    volume={1},
    number={3},
    pages={235--257},
    month=nov,
    year={1987},
    doi={10.1080/02699938708408050}
}

@phdthesis{elliott1989ective,
    title={The Affective Reasoner: A Process Model of Emotions in a Multi-Agent
    System},
    author={Elliott, Clark},
    year={1992},
    department={Institute for Learning Sciences},
    school={Institute for Learning Sciences, Northwestern University},
    address={Evanston, IL, USA},
    advisor={Andrew Ortony and Lawrence J. Henschen},
    url={https://condor.depaul.edu/~elliott/ar/papers/dis/elliott-phd.html}
}

@article{elliott1998hunting,
    title={Hunting for the Holy Grail with ``Emotionally Intelligent" Virtual
    Actors},
    author={Elliott, Clark},
    journal={ACM SIGART Bulletin},
    volume={9},
    number={1},
    pages={20--28},
    month=jun,
    year={1998},
    publisher={ACM},
    doi={10.1145/294828.294831}
}

@inproceedings{elliott1993using,
    title={Using the Affective Reasoner to Support Social Simulations},
    author={Elliott, Clark},
    booktitle={Proceedings of the 13th International Joint Conference on
    Artificial Intelligence---Volume 1},
    series={IJCAI},
    pages={194--200},
    year={1993},
    publisher={August 28--September 3, 1993, Chambery, France. Morgan Kaufmann
    Publishers},
    address={San Francisco, CA, USA}
}

@inproceedings{velsquez1997modeling,
    title={Modeling Emotions and Other Motivations in Synthetic Agents},
    author={Vel{á}squez, Juan D.},
    booktitle={Proceedings of the 14th National Conference on Artificial
    Intelligence and 9th Conference on Innovative Applications of Artificial
    Intelligence},
    series={AAAI'97/IAAI'97},
    pages={10--15},
    month=jul,
    year={1997},
    publisher={July 27--31, 1997, Providence, RI, USA. AAAI Press},
    address={Palo Alto, CA, USA}
}

@inproceedings{hudlicka2003modeling,
    title={Modeling Affects of Behavior Moderators on Performance: Evaluation
    of the {MAMID} Methodology and Architecture},
    author={Hudlicka, Eva},
    booktitle={Proceedings of the 12th Conference on Behaviour Representation
    in Modeling and Simulation},
    series={BRIMS},
    pages={349--358},
    year={2003},
    publisher={May 12--15, 2003, Scottsdale, AZ, USA. SISO},
    address={Bedford, MA, USA}
}

@article{hudlicka2002time,
    title={This Time with Feeling: Integrated Model of Trait and State Effects
    on Cognition and Behavior},
    author={Hudlicka, Eva},
    journal={Applied Artificial Intelligence},
    volume={16},
    number={7--8},
    pages={611--641},
    month=aug,
    year={2002},
    publisher={Taylor \& Francis}
}

@inproceedings{hudlicka2005computational,
    title={A Computational Model of Emotion and Personality: Applications to
    Psychotherapy Research and Practice},
    author={Hudlicka, Eva},
    booktitle={Proceedings of the 10th Annual Cybertherapy Conference: A Decade
    of Virtual Reality},
    series={CyberTherapy 2005},
    editor={Wiederhold, Brenda K. and Riva, Giuseppe and Bullinger, Alex H.},
    pages={51--58},
    year={2005},
    publisher={June 6--10, 2005, Basel, Switzerland. Interactive Media
    Institute},
    address={San Diego, CA, USA}
}

@incollection{hudlicka2014computational,
    title={Computational Analytical Framework for Affective Modeling: Towards
    Guidelines for Designing Computational Models of Emotions},
    author={Hudlicka, Eva},
    booktitle={Handbook of Research on Synthesizing Human Emotion in
    Intelligent Systems and Robotics},
    editor={Vallverd{\`u}, Jordi},
    series={Advances in Computational Intelligence and Robotics (ACIR)},
    chapter={1},
    pages={296--356},
    year={2014},
    publisher={IGI Global},
    address={Hershey, PA, USA},
    doi={10.4018/978-1-4666-7278-9.ch001}
}

@inproceedings{kramer2003effects,
    title={Effects of Embodied Interface Agents and their Gestural Activity},
    author={Kr{\"a}mer, Nicole C. and Tietz, Bernd and Bente, Gary},
    booktitle={Intelligent Virtual Agents},
    editor={Rist, Thomas and Aylett, Ruth S. and Ballin, Daniel and Rickel,
    Jeff},
    series={Lecture Notes in Computer Science},
    volume={2792},
    pages={292--300},
    year={2003},
    publisher={Springer Berlin Heidelberg},
    address={Berlin, Heidelberg, Germany}
}

@inproceedings{cowell2003embodiment,
    title={Embodiment and Interaction Guidelines for Designing Credible,
    Trustworthy Embodied Conversational Agents},
    author={Cowell, Andrew J. and Stanney, Kay M.},
    booktitle={Intelligent Virtual Agents},
    editor={Rist, Thomas and Aylett, Ruth S. and Ballin, Daniel and Rickel,
    Jeff},
    series={Lecture Notes in Computer Science},
    volume={2792},
    pages={301--309},
    year={2003},
    publisher={Springer Berlin Heidelberg},
    address={Berlin, Heidelberg, Germany}
}

@article{paiva2005learning,
    title={Learning by Feeling: {E}voking Empathy with Synthetic Characters},
    author={Paiva, Ana and Dias, Jo{\~a}o and Sobral, Daniel and Aylett, Ruth
    and Woods, Sarah and Hall, Lynne and Zoll, Carsten},
    journal={Applied Artificial Intelligence},
    volume={19},
    number={3--4},
    pages={235--266},
    month=mar,
    year={2005},
    doi={10.1080/08839510590910165}
}

@article{lepper1988motivational,
    title={Motivational Considerations in the Study of Instruction},
    author={Lepper, Mark R.},
    journal={Cognition and Instruction},
    volume={5},
    number={4},
    pages={289--309},
    month=dec,
    year={1988},
}

@article{klesen2005using,
    title={Using Theatrical Concepts for Role-Plays with Educational Agents},
    author={Klesen, Martin},
    journal={Applied Artificial Intelligence},
    volume={19},
    number={3--4},
    pages={413--431},
    month=mar,
    year={2005},
}

@article{nakanishi2005sensitizing,
    title={Sensitizing Social Agents for Virtual Training},
    author={Nakanishi, Hideyuki and Shimizu, Shinya and Isbister, Katherine},
    journal={Applied Artificial Intelligence},
    volume={19},
    number={3--4},
    pages={341--361},
    month=mar,
    year={2005},
}

@incollection{lester2000deictic,
    title={Deictic and Emotive Communication in Animated Pedagogical Agents},
    author={Lester, James C. and Towns, Stuart G. and Callaway, Charles B. and
    Voerman, Jennifer L. and  {FitzGerald}, Patrick J.},
    booktitle={Embodied Conversational Agents},
    editor={Cassell, Justine and Sullivan, Joseph and Churchill, Elizabeth and
    Prevost, Scott},
    chapter={5},
    pages={123--154},
    year={2000},
    publisher={MIT Press},
    address={Cambridge, MA, USA}
}

@incollection{marsella2004expressive,
    title={Expressive Behaviors for Virtual Worlds},
    author={Marsella, Stacy and Gratch, Jonathan and Rickel, Jeff},
    booktitle={Life-Like Characters: Tools, Affective Functions, and
    Applications},
    editor={Prendinger, Helmut and Ishizuka, Mitsuru},
    series={Cognitive Technologies},
    pages={317--360},
    year={2004},
    publisher={Springer Berlin Heidelberg},
    address={Berlin, Heidelberg, Germany},
    doi={10.1007/978-3-662-08373-4_14}
}

@inproceedings{gratch2000emile,
    title={\'{E}mile: Marshalling Passions in Training and Education},
    author={Gratch, Jonathan},
    booktitle={Proceedings of the 4th International Conference on Autonomous
    Agents},
    series={AGENTS'00},
    pages={325--332},
    month= jun # " 3--7,",
    year={2000},
    publisher={June 3--7, 2000, Barcelona, Spain. ACM},
    address={New York, NY, USA},
    doi={10.1145/336595.337516}
}
location={Barcelona, Spain}

@mastersthesis{cahn1989generating,
    title={Generating Expression in Synthesized Speech},
    author={Cahn, Janet Elizabeth},
    year={1989},
    department={MIT Media Lab},
    school={MIT Media Lab, Massachusetts Institute of Technology},
    address={Cambridge, MA, USA},
    advisor={Chris Schmandt},
    url={http://alumni.media.mit.edu/~cahn/masters-thesis.html}
}

@article{rickel1999animated,
    title={Animated Agents for Procedural Training in Virtual Reality:
    {P}erception, Cognition, and Motor Control},
    author={Rickel, Jeff and Johnson, W. Lewis},
    journal={Applied Artificial Intelligence},
    volume={13},
    number={4--5},
    pages={343--382},
    month= jun,
    year={1999},
    publisher={Taylor \& Francis},
    address={New York, NY, USA},
    doi={10.1080/088395199117315}
}

@inproceedings{hill1997intelligent,
    title={Intelligent Agents for the Synthetic Battlefield: {A} Company of
    Rotary Wing Aircraft},
    author={Hill, Randall W. and Chen, Johnny and Gratch, Jonathan and
    Rosenbloom, Paul and Tambe, Milind},
    booktitle={Proceedings of the 14th National Conference on Artificial
    Intelligence and 9th Conference on Innovative Applications of Artificial
    Intelligence},
    series={AAAI'97/IAAI'97},
    editor={Senator, Ted E. and Buchanan, Bruce G.},
    pages={1006--1012},
    month=jul,
    year={1997},
    publisher={July 27--31, 1997, Providence, RI, USA. AAAI Press},
    address={Palo Alto, CA, USA}
}

@inproceedings{marsella2000interactive,
    title={Interactive Pedagogical Drama},
    author={Marsella, Stacy C. and Johnson, W. Lewis and LaBore, Catherine},
    booktitle={Proceedings of the 4th International Conference on Autonomous
    Agents},
    series={AGENTS'00},
    pages={301--308},
    month= jun # " 3--7,",
    year={2000},
    publisher={June 3--7, 2000, Barcelona, Spain. ACM},
    address={New York, NY, USA},
    doi={10.1145/336595.337507}
}

@inproceedings{marsella1998instructor,
    title={An Instructor's Assistant for Team-Training in Dynamic Multi-agent
    Virtual Worlds},
    author={Marsella, Stacy C. and Johnson, W. Lewis},
    booktitle={Intelligent Tutoring Systems},
    editor={Goettl, Barry P. and Halff, Henry M. and Redfield, Carol L. and
    Shute, Valerie J.},
    series={Lecture Notes in Computer Science},
    volume={1452},
    pages={464--473},
    year={1998},
    publisher={Springer Berlin Heidelberg},
    address={Berlin, Heidelberg, Germany}
}

@inproceedings{marsella2003interactive,
    title={Interactive Pedagogical Drama: {Carmen's Bright IDEAS} Assessed},
    author={Marsella, Stacy C.},
    booktitle={Intelligent Virtual Agents},
    editor={Rist, Thomas and Aylett, Ruth S. and Ballin, Daniel and Rickel,
    Jeff},
    series={Lecture Notes in Computer Science},
    volume={2792},
    pages={1--4},
    year={2003},
    publisher={Springer Berlin Heidelberg},
    address={Berlin, Heidelberg, Germany}
}

@inproceedings{aylett2005fearnot,
    title={{FearNot!}---An Experiment in Emergent Narrative},
    author={Aylett, Ruth S. and Louchart, Sandy and Dias, Jo{\~a}o and Paiva,
    Ana and Vala, Marco},
    booktitle={Intelligent Virtual Agents},
    editor={Panayiotopoulos, Themis and Gratch, Jonathan and Aylett, Ruth and
    Ballin, Daniel and Olivier, Patrick and Rist, Thomas},
    series={Lecture Notes in Computer Science},
    volume={3661},
    pages={305--316},
    year={2005},
    publisher={Springer Berlin Heidelberg},
    address={Berlin, Heidelberg, Germany},
    doi={10.1007/11550617_26}
}

@inproceedings{sobral2003managing,
    author={Sobral, Daniel and Machado, Isabel and Paiva, Ana},
    title={Managing Authorship in Plot Conduction},
    editor={Balet, Olivier and Subsol, G{\'e}rard and Torguet, Patrice},
    booktitle={Virtual Storytelling. Using Virtual Reality Technologies for
    Storytelling (ICVS 2003)},
    series={Lecture Notes in Computer Science},
    volume={2897},
    pages={57--64},
    year={2003},
    publisher={Springer Berlin Heidelberg},
    address={Berlin, Heidelberg, Germany}
}

@phdthesis{beaudoin1994goal,
    title={Goal Processing in Autonomous Agents},
    author={Beaudoin, Luc},
    year={1994},
    department={School of Computer Science},
    school={School of Computer Science, University of Birmingham},
    address={Birmingham, UK},
    advisor={Aaron Sloman and Glyn Humphreys},
    url={https://www.cs.bham.ac.uk/research/projects/cogaff/81-95.html#38}
}

@article{fikes1971strips,
    title={{STRIPS}: A New Approach to the Application of Theorem Proving to
    Problem Solving},
    author={Fikes, Richard E. and Nilsson, Nils J.},
    journal={Artificial Intelligence},
    volume={2},
    number={3--4},
    pages={189--208},
    month={Winter},
    year={1971},
}

@incollection{rickel2003extending,
    title={Extending Virtual Humans to Support Team Training in Virtual
    Reality},
    author={Rickel, Jeff and Johnson, W. Lewis},
    booktitle={Exploring Artificial Intelligence in the New Millennium},
    editor={Lakemeyer, Gerhard and Nebel, Bernhard},
    chapter={7},
    pages={217--238},
    year={2003},
    publisher={Morgan Kaufmann Publishers},
    address={San Francisco, CA, USA},
}

@inproceedings{jones2013tardis,
    title={{TARDIS}---{A} Simulation Platform with an Affective Virtual
    Recruiter for Job Interviews},
    author={Jones, Haza{\"e}l and Sabouret, Nicolas},
    booktitle={Proceedings of the 1st International Workshop on Intelligent
    Digital Games for Empowerment and Inclusion},
    series={FDG/IDGEI 2013},
    numpages={8},
    year={2013},
    month= may # " 14--17,",
    publisher={May 14--17, 2013, Chania, Crete, Greece. SASDG},
    address={Santa Cruz, CA, USA},
    url={http://www.fdg2013.org/program/workshops/papers/IDGEI2013/idgei2013_8.pdf}
}

@inproceedings{anderson2013tardis,
    title={The {TARDIS} Framework: {I}ntelligent Virtual Agents for Social
    Coaching in Job Interviews},
    author={Anderson, Keith and Andr{\'e}, Elisabeth and Baur, Tobias and
    Bernardini, Sara and Chollet, Mathieu and Chryssafidou, Evi and Damian,
    Ionut and Ennis, Cathy and Egges, Arjan and Gebhard, Patrick and Jones,
    Haza{\"e}l and Ochs, Magalie and Pelachaud, Catherine and Porayska-Pomsta,
    Kaśka and Rizzo, P. and Sabouret, Nicolas},
    booktitle={Advances in Computer Entertainment},
    editor={Reidsma, Dennis and Katayose, Haruhiro and Nijholt, Anton},
    series={Lecture Notes in Computer Science},
    volume={8253},
    pages={476--491},
    year={2013},
    publisher={Springer International Publishing},
    address={Cham, Switzerland}
}

@inproceedings{bevacqua2007expressive,
    title={An Expressive {ECA} Showing Complex Emotions},
    author={Bevacqua, Elisabetta and Mancini, Maurizio and Niewiadomski,
    Radoslaw and Pelachaud, Catherine},
    booktitle={Proceedings of the AISB Annual Convention: Artificial and
    Ambient Intelligence},
    series={AISB'07},
    pages={208--216},
    year={2007},
    publisher={April 2--4, 2007, Newcastle Upon Tyne, UK. AISB},
    address={United Kingdom},
    url={https://aisb.org.uk/wp-content/uploads/2019/12/aisb07-body.pdf}
}

@inproceedings{wanner2017kristina,
    title={{KRISTINA}: A Knowledge-based Virtual Conversation Agent},
    author={Wanner, Leo and Andr{\'e}, Elisabeth and Blat, Josep and
    Dasiopoulou, Stamatia and Farr{\`u}s, Mireia and Fraga, Thiago and
    Kamateri, Eleni and Lingenfelser, Florian and Llorach, Gerard and
    Mart{\'\i}nez, Oriol and Meditskos, Georgios and Mille, Simon and Minker,
    Wolfgang and Pragst, Louisa and Schiller, Dominik and Stam, Andries and
    Stellingwerff, Ludo and Sukno, Federico and Vieru, Bianca and Vrochidis,
    Stefanos},
    booktitle={Advances in Practical Applications of Cyber-Physical Multi-Agent
    Systems: The PAAMS Collection},
    editor={Demazeau, Yves and Davidson, Paul and Bajo, Javier and Vale, Zita},
    series={Lecture Notes in Computer Science},
    volume={10349},
    pages={284--295},
    year={2017},
    publisher={Springer International Publishing},
    address={Cham, Switzerland}
}

@inproceedings{ruiz2017fusion,
    title={Fusion of Valence and Arousal Annotations through Dynamic
    Subjective Ordinal Modelling},
    author={Ruiz, Adria and Martinez, Oriol and Binefa, Xavier and Sukno,
    Federico M.},
    booktitle={Proceedings of the 12th IEEE International Conference on
    Automatic Face \& Gesture Recognition},
    series={FG 2017},
    pages={331--338},
    year={2017},
    publisher={May 30--June 3, 2017, Washington, DC, USA. IEEE},
    address={New York, NY, USA}
}

@inproceedings{guimaraes2017cif,
    title={{CiF-CK}: An Architecture for Social {NPCs} in Commercial Games},
    author={Guimaraes, Manuel and Santos, Pedro and Jhala, Arnav},
    booktitle={2017 IEEE Conference on Computational Intelligence and Games},
    series={CIG},
    pages={126--133},
    year={2017},
    publisher={August 22--25, 2017, New York, NY, USA. IEEE},
    address={New York, NY, USA}
}

@inproceedings{jaques2016personality,
    title={Personality, Attitudes, and Bonding in Conversations},
    author={Jaques, Natasha and Kim, Yoo Lim and Picard, Rosalind},
    booktitle={Intelligent Virtual Agents},
    editor={Traum, David and Swartout, William and Khooshabeh, Peter and Kopp,
    Stefan and Scherer, Stefan and Leuski, Anton},
    series={Lecture Notes in Computer Science},
    volume={10011},
    pages={378--382},
    year={2016},
    publisher={Springer International Publishing},
    address={Cham, Switzerland}
}

@incollection{picard2003does,
    title={What Does it Mean for a Computer to ``Have" Emotions?},
    author={Picard, Rosalind W.},
    editor={Trappl, Robert and Petta, Paolo and Payr, Sabine},
    booktitle={Emotions in Humans and Artifacts},
    chapter={7},
    pages={213--235},
    year={2003},
    publisher={MIT Press},
    address={Cambridge, MA, USA},
    isbn={0-262-20142-9},
    note={ISBN 0-262-20142-9}
}

@article{lisetti2002can,
    title={Can a Rational Agent Afford to be Affectless? {A} Formal Approach},
    author={Lisetti, Christine L. and Gmytrasiewicz, Piotr},
    journal={Applied Artificial Intelligence},
    volume={16},
    number={7--8},
    pages={577--609},
    month= aug,
    year={2002},
    publisher={Taylor \& Francis},
    address={New York, NY, USA},
    doi={10.1080/08839510290030408}
}

@article{jain2019modeling,
    title={Modeling of Emotion Elicitation Conditions for a Cognitive-Emotive
    Architecture},
    author={Jain, Shikha and Asawa, Krishna},
    journal={Cognitive Systems Research},
    volume={55},
    pages={60--76},
    month=jun,
    year={2019},
    publisher={Elsevier},
    doi={10.1016/j.cogsys.2018.12.012}
}

@inproceedings{temsiririrkkul2016production,
    title={Production of Emotion-based Behaviors for a Human-like Computer
    Player},
    author={Temsiririrkkul, Sila and Luong, {Huu Phuc} and Ikeda, Kokolo},
    booktitle={Proceedings of the 17th International Conference on Intelligent
    Games and Simulation},
    series={GAME-ON'2016},
    pages={49--53},
    year={2016},
    publisher={September 13--15, 2016, Lisbon, Portugal. EUROSIS},
    address={Ostend, Belgium}
}

@incollection{dias2014fatima,
    title={{FAtiMA} {M}odular: Towards an Agent Architecture with a Generic
    Appraisal Framework},
    author={Dias, Jo{\~a}o and Mascarenhas, Samuel and Paiva, Ana},
    booktitle={Emotion Modeling: Towards Pragmatic Computational Models of
    Affective Processes},
    editor={Bosse, Tibor and Broekens, Joost and Dias, Jo{\~a}o and {van der
    Zwaan}, Janneke},
    series={Lecture Notes in Computer Science},
    volume={8750},
    pages={44--56},
    year={2014},
    publisher={Springer International Publishing},
    address={Cham, Switzerland},
    doi={10.1007/978-3-319-12973-0_3}
}

@article{guyot2006,
    title = {Agent-Based Participatory Simulations: Merging Multi-Agent Systems
    and Role-Playing Games},
    author = {Guyot, Paul and Honiden, Shinichi},
    journal = {Journal of Artificial Societies and Social Simulation},
    volume = {9},
    number = {4},
    numpages={15},
    month=oct,
    year = {2006},
    url={https://www.jasss.org/9/4/8.html}
}

@incollection{hudlicka2019modeling,
    title={Modeling Cognition-Emotion Interactions in Symbolic Agent
    Architectures: Examples of Research and Applied Models},
    author={Hudlicka, Eva},
    booktitle={Cognitive Architectures},
    series={Intelligent Systems, Control, and Automation: Science and
    Engineering},
    volume={94},
    editor={Aldinhas Ferreira, Maria Isabel and {Silva Sequeira}, Jo{\~a}o and
    Ventura, Rodrigo},
    pages={129--143},
    year={2019},
    publisher={Springer International Publishing},
    address={Cham, Switzerland},
    doi={10.1007/978-3-319-97550-4_9}
}

@inproceedings{antos2011using,
    title={Using Emotions to Enhance Decision-Making},
    author={Antos, Dimitrios and Pfeffer, Avi},
    booktitle={Proceedings of the 22nd International Joint Conference on
    Artificial Intelligence---Volume 1},
    series={IJCAI'11},
    pages={24--30},
    year={2011},
    publisher={July 16--22, 2011, Barcelona, Spain. AAAI Press},
    address={Palo Alto, CA, USA}
}

@incollection{picard2004toward,
    title={Toward Machines with Emotional Intelligence},
    author={Picard, Rosalind W.},
    booktitle={The Science of Emotional Intelligence: Knowns and Unknowns},
    editor={Matthews, Gerald and Zeidner, Moshe and Roberts, Richard D.},
    series={Series in Affective Science},
    chapter={16},
    pages={396--418},
    year={2007},
    publisher={Oxford University Press},
    address={New York, NY, USA},
    isbn={978-0-1951-8189-0},
    note={ISBN 978-0-1951-8189-0}
}

@inproceedings{ihasz2018emotions,
    title={Emotions and Intentions Mediated with Dialogue Acts},
    author={Ihasz, Peter Lajos and Kryssanov, Victor},
    booktitle={Proceedings of the 5th International Conference on Business and
    Industrial Research},
    series={ICBIR},
    pages={125--130},
    year={2018},
    publisher={May 17--18, 2018, Bangkok, Thailand. IEEE},
    address={New York, NY, USA}
}

@phdthesis{ahn2010modeling,
    title={Modeling and Analysis of Affective Influences on Human Experience,
    Prediction, Decision Making, and Behavior},
    author={Ahn, {Hyung-il}},
    year={2010},
    school={Massachusetts Institute of Technology},
    address={Cambridge, MA, USA}
}

@inproceedings{leite2008emotional,
    title={Are Emotional Robots More Fun to Play With?},
    author={Leite, Iolanda and Pereira, Andr{\'e} and Martinho, Carlos and
    Paiva, Ana},
    booktitle={Proceedings of the 17th IEEE International Symposium on Robot
    and Human Interactive Communication},
    series={RO-MAN 2008},
    pages={77--82},
    year={2008},
    publisher={August 1--3, 2008, Munich, Germany. IEEE},
    address={New York, NY, USA}
}

@article{picard2003affective,
    title={Affective Computing: Challenges},
    author={Picard, Rosalind W.},
    journal={International Journal of Human-Computer Studies},
    volume={59},
    number={1--2},
    pages={55--64},
    month=jul,
    year={2003},
    publisher={Elsevier}
}

@inproceedings{taverner2019toward,
    author={Taverner, {Joaqu\`in} and Vivancos, Emilio and Botti, Vicente},
    title={Towards a Computational Approach to Emotion Elicitation in Affective
    Agents},
    booktitle={Proceedings of the 11th International Conference on Agents and
    Artificial Intelligence},
    series={ICAART 2019},
    year={2019},
    pages={275--280},
    publisher={Feb 19--21, 2019, Prague, Czech Republic. SciTePress},
    address={Set{\'u}bal, Portugal},
    doi={10.5220/0007579302750280}
}

@article{reisenzein2013computational,
    title={Computational Modeling of Emotion: {T}oward Improving the Inter-and
    Intradisciplinary Exchange},
    author={Reisenzein, Ranier and Hudlicka, Eva and Dastani, Mehdi and Gratch,
    Jonathan and Hindriks, Koen and Lorini, Emiliano and Meyer, {John-Jules}
    Ch.},
    journal={IEEE Transactions on Affective Computing},
    volume={4},
    number={3},
    pages={246--266},
    month=jul # "--" # sep,
    year={2013},
    publisher={IEEE},
    doi={10.1109/T-AFFC.2013.14}
}

@phdthesis{becker2008wasabi,
    title={{WASABI}: Affect Simulation for Agents with Believable
    Interactivity},
    author={Becker-Asano, Christian},
    year={2008},
    department={Faculty of Technology},
    school={Faculty of Technology, University of Bielefeld},
    address={Bielefeld, Germany},
    advisor={Ipke Wachsmuth and Klaus R. Scherer},
    isbn={978-1-5860-3911-0},
    note={ISBN 978-1-5860-3911-0}
}

@mastersthesis{becker2003simulation,
    title={Simulation der Emotionsdynamik eines k{\"u}nstlichen humanoiden
    Agenten},
    author={Becker, Christian},
    year={2003},
    school={University of Bielefeld},
    address={Bielefeld, Germany}
}

@misc{becker2014wasabi,
    title={{WASABI} for Affect Simulation in Human-Computer Interaction. In
    \textit{Proceedings of the 1st Workshop on Emotion Representation and
    Modelling in Human-Computer-Interaction-Systems (ERM4HCI 2013)}},
    author={Becker-Asano, Christian},
    booktitle={Proceedings of the 1st Workshop on Emotion Representation and
    Modelling in Human-Computer-Interaction-Systems},
    series={ERM4HCI 2013},
    year={2013},
    note={Part of the 15th ACM on International Conference on Multimodal
    Interaction (ICMI'13). December 9--13, 2013, Sydney, Australia},
    url={https://www.becker-asano.de/becker-asano_ERM4HCI.pdf}
}

@inproceedings{becker2008affect,
    title={Affect Simulation with Primary and Secondary Emotions},
    author={Becker-Asano, Christian and Wachsmuth, Ipke},
    booktitle={Intelligent Virtual Agents},
    editor={Prendinger, Helmut and Lester, James and Ishizuka, Mitsuru},
    series={Lecture Notes in Computer Science},
    volume={5208},
    pages={15--28},
    year={2008},
    publisher={Springer Berlin Heidelberg},
    address={Berlin, Heidelberg, Germany},
}

@inproceedings{becker2004simulating,
    title={Simulating the Emotion Dynamics of a Multimodal Conversational
    Agent},
    author={Becker, Christian and Kopp, Stefan and Wachsmuth, Ipke},
    booktitle={Affective Dialogue Systems},
    editor={Andr{\'e}, Elisabeth and Dybkj{\ae}r, Laila and Minker, Wolfgang
    and Heisterkamp, Paul},
    series={Lecture Notes in Computer Science},
    volume={3068},
    pages={154--165},
    year={2004},
    publisher={Springer Berlin Heidelberg},
    address={Berlin, Heidelberg, Germany},
    doi={10.1007/978-3-540-24842-2_15}
}

@article{kopp2003max,
    title={{MAX}---A Multimodal Assistant in Virtual Reality Construction},
    author={Kopp, Stefan and Jung, Bernhard and Le{\ss}mann, Nadine and
    Wachsmuth, Ipke},
    journal={{KI}---{K\"unstliche Intelligenz}},
    volume={4},
    number={03},
    pages={11--17},
    year={2003}
}

@misc{adamatti2005jogoman,
    title={JogoMan: A Prototype Using Multi-Agent-Based Simulation and
    Role-Playing Games in Water Management. In \textit{Proceedings of the Joint
    Conference on Multi-Agent Modelling for
    Environmental Management (CABM-HEMA-SMAGET)}, 18 pages},
    author={Adamatti, Diana F. and Sichman, Jaime S. and Bommel, Pierre and
    Ducrot, Raphaele and Rabak, Cesar and Camargo, Maria E. S. A.},
    booktitle={Proceedings of the Joint Conference on Multi-Agent Modelling for
    Environmental Management},
    series={CABM-HEMA-SMAGET},
    year={2005},
    note={March 21--25, 2005, Bourg-Saint-Maurice, Les Arcs, France},
}

@misc{wehrle1998motivations,
    title={Motivations Behind Modeling Emotional Agents: Whose Emotion Does
    Your Robot Have?. In \textit{Workshop Notes of the 5th International
    Conference of the Society for Adaptive Behavior: Grounding Emotions in
    Adaptive Systems}},
    author={Wehrle, Thomas},
    booktitle={SAB'98 Workshop 5 Notes: Grounding Emotions in Adaptive Systems},
    series={SAB'98},
    year={1998},
    note={August 21, 1998. Part of the 5th International Conference
    of the Society for Adaptive Behavior (SAB'98), August 17--21, 1998,
    Z{\"u}rich, Switzerland. Article No. 2, 6 pages.
    \url{https://www.ofai.at/~paolo.petta/conf/sab98/sab98sub.html}},
}
editor={Numaoka, C. and Ca\~namero, D. and Petta, P.},

@misc{kaiser1996situated,
    title={Situated Emotional Problem Solving in Interactive Computer Games. In
    \textit{Proceedings of the IXth Conference of the International Society for
    Research on Emotions (ISRE'96)}, Nico H. Frijda (Ed.)},
    author={Kaiser, Susanne and Wehrle, Thomas},
    booktitle={Proceedings of the IXth Conference of the International Society
    for Research on Emotions (ISRE'96)},
    year={1996},
    note={Storrs, CT, USA. ISRE Publications, Washington, DC, USA, 276--280}
}
pages={276--280},

@article{arbib2004emotions,
    title={Emotions: From Brain to Robot},
    author={Arbib, Michael A. and Fellous, {Jean-Marc}},
    journal={Trends in Cognitive Sciences},
    volume={8},
    number={12},
    pages={554--561},
    month=dec,
    year={2004},
    publisher={Elsevier},
    doi={10.1016/j.tics.2004.10.004}
}

@inproceedings{pfeifer1993emotions,
    title={Emotions in Robot Design},
    author={Pfeifer, Rolf},
    booktitle={Proceedings of 2nd IEEE International Workshop on Robot and
    Human Communication},
    series={RO-MAN 1993},
    pages={408--413},
    year={1993},
    publisher={November 3--5, 1993, Tokyo, Japan. IEEE},
    address={New York, NY, USA}
}

@misc{pfeifer1993studying,
    title={Studying Emotions: Fungus Eaters. In \textit{Proceedings of the 2nd
    European Conference on Artificial Life (ECAL 1993)}},
    author={Pfeifer, Rolf},
    booktitle={Proceedings of the 2nd European Conference on Artificial Life},
    series={ECAL 1993},
    year={1993},
    note={May 24--26, 1993, Brussels, Belgium. ISAL. 916--927.
    \url{https://alife.org/collection_paper/studying-emotions-fungus-eaters/}},
}
pages={916--927},

@article{mori2012uncanny,
    title={The Uncanny Valley [From the Field]},
    author={Mori, Masahiro and MacDorman, Karl F. and Kageki, Norri},
    journal={IEEE Robotics \& Automation Magazine},
    volume={19},
    number={2},
    pages={98--100},
    month=jun,
    year={2012},
    publisher={IEEE},
}

@article{seyama2007uncanny,
    title={The Uncanny Valley: Effect of Realism on the Impression of
    Artificial Human Faces},
    author={Seyama, Jun'ichiro and Nagayama, Ruth S.},
    journal={Presence},
    volume={16},
    number={4},
    pages={337--351},
    month=aug,
    year={2007},
    publisher={MIT Press},
    address={Cambridge, MA, USA}
}

@misc{brenton2005uncanny,
    title={The Uncanny Valley: Does it Exist?. In \textit{Proceedings of the
    Workshop on Human-Animated Character Interaction}},
    author={Brenton, Harry and Gillies, Marco and Ballin, Daniel and Chatting,
    David},
    year={2005},
    note={September 6, 2005. Part of the 19th British HCI Group Annual
    Conference (HCI 2005). September 5--9, 2005, Edinburgh, UK}
}

@inproceedings{macdorman2006subjective,
    title={Subjective Ratings of Robot Video Clips for Human Likeness,
    Familiarity, and Eeriness: An Exploration of the Uncanny Valley},
    author={MacDorman, Karl F.},
    booktitle={Proceedings of the 28th Annual Conference of the Cognitive
    Science Society in Cooperation with the 5th International Conference of the
    Cognitive Science Society},
    series={CogSci/ICCS'06},
    pages={2688--2691},
    year={2006},
    publisher={July 26--29, 2006, Vancouver, BC, Canada. Curran Associates},
    address={Red Hook, NY, USA}
}

@article{saygin2011thing,
    title={The Thing that Should Not Be: Predictive Coding and the Uncanny
    Valley in Perceiving Human and Humanoid Robot Actions},
    author={Saygin, Ayse Pinar and Chaminade, Thierry and Ishiguro, Hiroshi and
    Driver, Jon and Frith, Chris},
    journal={Social Cognitive and Affective Neuroscience},
    volume={7},
    number={4},
    pages={413--422},
    month=apr,
    year={2011},
    publisher={Oxford University Press}
}

@article{gray2012feeling,
    title={Feeling Robots and Human Zombies: Mind Perception and the Uncanny
    Valley},
    author={Gray, Kurt and Wegner, Daniel M.},
    journal={Cognition},
    volume={125},
    number={1},
    pages={125--130},
    month=oct,
    year={2012},
    publisher={Elsevier}
}

@article{geller2008overcoming,
    title={Overcoming the Uncanny Valley},
    author={Geller, Tom},
    journal={IEEE Computer Graphics and Applications},
    editor={Potel, Mike},
    volume={28},
    number={4},
    pages={11--17},
    month=jul # "--" # aug,
    year={2008},
    publisher={IEEE}
}

@inproceedings{bartneck2007uncanny,
    title={Is the Uncanny Valley an Uncanny Cliff?},
    author={Bartneck, Christoph and Kanda, Takayuki and Ishiguro, Hiroshi and
    Hagita, Norihiro},
    booktitle={Proceedings of the 16th IEEE International Symposium on Robot
    and Human Interactive Communication},
    series={RO-MAN 2007},
    pages={368--373},
    year={2007},
    publisher={August 26--29, 2007, Jeju, Korea (South). IEEE},
    address={New York, NY, USA}
}

@article{hudlicka2003feel,
    title={To Feel or Not to Feel: The Role of Affect in Human-Computer
    Interaction},
    author={Hudlicka, Eva},
    journal={International Journal of Human-Computer Studies},
    volume={59},
    number={1--2},
    pages={1--32},
    month=jul,
    year={2003},
    publisher={Elsevier}
}

@article{kahn2012robovie,
    title={``{R}obovie, You'll Have to Go into the Closet Now":
    Children's Social and Moral Relationships With a Humanoid Robot},
    author={Kahn Jr., Peter H. and Kanda, Takayuki and Ishiguro, Hiroshi and
    Freier, Nathan G. and Severson, Rachel L. and Gill, Brian T. and Ruckert,
    Jolina H. and Shen, Solace},
    journal={Developmental Psychology},
    volume={48},
    number={2},
    pages={303--314},
    month=mar,
    year={2012},
    publisher={American Psychological Association}
}

@incollection{andre2000integrating,
    title={Integrating Models of Personality and Emotions into Lifelike
    Characters},
    author={Andr{\'e}, Elisabeth and Klesen, Martin and Gebhard, Patrick and
    Allen, Steve and Rist, Thomas},
    booktitle={Affective Interactions: Towards a New Generation of Computer
    Interfaces},
    editor={Paiva, Ana},
    pages={150--165},
    volume={1814},
    series={Lecture Notes in Artificial Intelligence},
    year={2000},
    publisher={Springer Berlin Heidelberg},
    address={Berlin, Heidelberg, Germany},
    doi={10.1007/10720296_11}
}

@article{andre1999employing,
    title={Employing {AI} Methods to Control the Behavior of Animated Interface
    Agents},
    author={Andr{\'e}, Elisabeth and Rist, Thomas and Muller, Jochen},
    journal={Applied Artificial Intelligence},
    volume={13},
    number={4--5},
    pages={415--448},
    month= may,
    year={1999},
    publisher={Taylor \& Francis},
    doi={10.1080/088395199117333}
}

@article{qi2019building,
    title={Building a {P}lutchik's {W}heel Inspired Affective Model for Social
    Robots},
    author={Qi, Xianyu and Wang, Wei and Guo, Lei and Li, Mingbo and Zhang,
    Xiaoyu and Wei, Ran},
    journal={Journal of Bionic Engineering},
    volume={16},
    number={2},
    pages={209--221},
    month=mar,
    year={2019},
    publisher={Springer},
    doi={10.1007/s42235-019-0018-3}
}

@inproceedings{geffner2018model,
    title={Model-Free, Model-Based, and General Intelligence},
    author={Geffner, Hector},
    booktitle={Proceedings of the 27th International Joint Conference on
    Artificial Intelligence},
    series={IJCAI-18},
    year={2018},
    pages={10--17},
    publisher = {July 13--19, 2018, Stockholm, Sweden. IJCAI},
    address={\url{https://www.ijcai.org/proceedings/2018/}}
}

@inproceedings{arafa1999virtual,
    title={Virtual Personal Service Assistants: Real-time Characters with
    Artificial Hearts},
    author={Arafa, Yasmine and Mamdani, Abe},
    booktitle={Proceedings of the IEEE International Conference on Systems,
    Man, and Cybernetics},
    volume={1},
    series={IEEE SMC'99},
    pages={762--767},
    month= oct # " 12--15,",
    year={1999},
    publisher={October 12--15, 1999, Tokyo, Japan. IEEE},
    address={New York, NY, USA},
    doi={10.1109/ICSMC.1999.814187}
}

@article{mumenthaler2018emotion,
    title={Emotion Recognition in Simulated Social Interactions},
    author={Mumenthaler, Christian and Sander, David and Manstead, Antony S.
    R.},
    journal={IEEE Transactions on Affective Computing},
    volume={11},
    number={2},
    pages={308--312},
    month=apr # "--" # jun,
    year={2018},
    publisher={IEEE}
}

@inproceedings{yannakakis2010siren,
    title={Siren: Towards Adaptive Serious Games for Teaching Conflict
    Resolution},
    author={Yannakakis, Georgios N. and Togelius, Julian and Khaled, Rilla and
    Jhala, Arnav and Karpouzis, Kostas and Paiva, Ana and Vasalou, Asimina},
    booktitle={Proceedings of the 4th European Conference of Games Based
    Learning},
    series={ECGBL 10},
    editor={Meyer, Bente},
    pages={412--417},
    year={2010},
    publisher={October 21--22, 2010, Copenhagen, Denmark. Academic Publishing},
    address={Reading, UK}
}

@misc{berger2012prototyping,
    title={Prototyping an Adaptive Educational Game for Conflict Resolution. In
    \textit{Proceedings of the ITS 2012 Workshop: Emotion in Games for
    Learning}},
    author={Berger, Florian and Liapis, Antonios and Yannakakis, Georgios},
    year={2012},
    note={June 14--15, 2012. Held in conjunction with the 11th International
    Conference on Intelligent Tutoring Systems (ITS 2012), June 14--18, 2012,
    Chania, Greece.
    \url{http://www.image.ece.ntua.gr/events/its-emotion-in-games}}
}

@article{ingram2012applying,
    title={Applying Evolutionary Psychology to a Serious Game about Children's
    Interpersonal Conflict},
    author={Ingram, Gordon P. D. and Hondrou, Charline and Vasalou, Asimina and
    Joinson, Adam and Campos, Joana and Martinho, Carlos},
    journal={Evolutionary Psychology},
    volume={10},
    number={5},
    pages={884--898},
    month=dec,
    year={2012},
    publisher={SAGE Publications}
}

@article{gratch2005evaluating,
    title={Evaluating a Computational Model of Emotion},
    author={Gratch, Jonathan and Marsella, Stacy},
    journal={Autonomous Agents and Multi-Agent Systems},
    volume={11},
    number={1},
    pages={23--43},
    month=jul,
    year={2005},
    publisher={Springer}
}

@techreport{gratch2004evaluating,
    title={Evaluating a General Model of Emotional Appraisal and Coping},
    author={Gratch, Jonathan and Marsella, Stacy},
    source={https://www.aaai.org/Papers/Symposia/Spring/2004/SS-04-02/SS04-02-010.pdf},
    numpages={8},
    number={SS-04-02-010},
    year={2004},
    institution={AAAI Press},
    address={Menlo Park, CA, USA},
    note={In \textit{AAAI Spring Symposium on Architectures for Modeling
    Emotion: Cross-Disciplinary Foundations}, Eva Hudlicka and Lola
    Ca{\~n}amero (Co-chairs). Technical Report SS-04-02. March 22--24, 2004,
    Palo Alto, CA, USA. AAAI Press, Menlo Park, CA, USA, 52--59}
}

@inproceedings{gratch2004evaluating2,
    title={Evaluating the Modeling and Use of Emotion in Virtual Humans},
    author={Gratch, Jonathan and Marsella, Stacy},
    booktitle={Proceedings of the 3rd International Joint Conference on
    Autonomous Agents and Multiagent Systems},
    series={AAMAS'04},
    pages={320--327},
    volume={1},
    year={2004},
    publisher={July 19--23, 2004, New York, NY, USA. IEEE Computer Society},
    address={Washington, DC, USA}
}

@article{d2018affective,
    title={The Affective Computing Approach to Affect Measurement},
    author={D'Mello, Sidney and Kappas, Arvid and Gratch, Jonathan},
    journal={Emotion Review},
    volume={10},
    number={2},
    pages={174--183},
    month=apr,
    year={2018},
    publisher={SAGE Publications}
}

@inproceedings{bidarra2010growing,
    title={Growing on the Inside: {S}oulful Characters for Video Games},
    author={Bidarra, Rafael and Schaap, Robert and Goossens, Kim},
    booktitle={Proceedings of the 2010 IEEE Conference on Computational
    Intelligence and Games},
    series={CIG'10},
    pages={337--344},
    month= aug # " 18--21,",
    year={2010},
    publisher={August 18--21, 2010, Copenhagen, Denmark. IEEE},
    address={New York, NY, USA},
    doi={10.1109/ITW.2010.5593335}
}

@inproceedings{moffat1994there,
    title={Where There's a {Will} There's an Agent},
    author={Moffat, David and Frijda, Nico H.},
    booktitle={Intelligent Agents},
    editor={Wooldridge, Michael J. and Jennings, Nicholas R.},
    series={Lecture Notes in Computer Science},
    volume={890},
    pages={245--260},
    month={Mar.},
    year={1995},
    publisher={Springer Berlin Heidelberg},
    address={Berlin, Heidelberg, Germany},
}

@incollection{moffat1997personality,
    title={Personality Parameters and Programs},
    author={Moffat, Dave},
    booktitle={Creating Personalities for Synthetic Actors: Towards Autonomous
    Personality Agents},
    editor={Trappl, Robert and Petta, Paolo},
    pages={120--165},
    series={Lecture Notes in Computer Science},
    volume={1195},
    year={1997},
    publisher={Springer Berlin Heidelberg},
    address={Berlin, Heidelberg, Germany},
    doi={10.1007/BFb0030575}
}

@inproceedings{moffat1993analysis,
    title={Analysis of a Model of Emotions},
    author={Moffat, David and Frijda, Nico H. and Phaf, R. H.},
    booktitle={Proceedings of the 9th Biennial Conference of the Society for
    the Study of Artificial Intelligence and the Simulation of Behaviour:
    Prospects for Artificial Intelligence},
    editor={Sloman, Aaron and Hogg, David and Humphreys, Glyn W. and Ramsay,
    Allan and Partridge, Derek},
    series={AISB'93},
    pages={219--228},
    year={1993},
    publisher={March 29--April 2, 1993, Birmingham, UK. IOS Press},
    address={Amsterdam, The Netherlands},
    isbn={978-9-0519-9126-0},
    note={ISBN 978-9-0519-9126-0}
}

@techreport{castelfranchi1997social,
    title={Social Attitudes and Personalities in Agents},
    author={Castelfranchi, Cristiano and {de Rosis}, Fiorella and Falcone,
    Rino},
    numpages={6},
    number={FS97-02-005},
    year={1997},
    institution={AAAI Press},
    address={Menlo Park, CA, USA},
    note={In \textit{AAAI Fall Symposium on Socially Intelligent Agents},
    Kerstin Dautenhahn (Chair). Technical Report FS-97-02. November 8--10,
    1997, Cambridge, MA, USA. AAAI Press, Menlo Park, CA, USA, 16--21.
    \url{https://aaai.org/Papers/Symposia/Fall/1997/FS-97-02/FS97-02-005.pdf}}
}

@article{saldien2010expressing,
    title={Expressing Emotions with the Social Robot {Probo}},
    author={Saldien, Jelle and Goris, Kristof and Vanderborght, Bram and
    Vanderfaeillie, Johan and Lefeber, Dirk},
    journal={International Journal of Social Robotics},
    volume={2},
    number={4},
    pages={377--389},
    month=dec,
    year={2010},
    publisher={Springer}
}

@inproceedings{chowanda2014erisa,
    title={{ERiSA}: Building Emotionally Realistic Social Game-Agents
    Companions},
    author={Chowanda, Andry and Blanchfield, Peter and Flintham, Martin and
    Valstar, Michel},
    booktitle={Intelligent Virtual Agents},
    editor={Bickmore, Timothy and Marsella, Stacy and Sidner, Candace},
    series={Lecture Notes in Computer Science},
    volume={8637},
    pages={134--143},
    year={2014},
    publisher={Springer International Publishing},
    address={Cham, Switzerland}
}

@inproceedings{dias2005feeling,
    title={Feeling and Reasoning: A Computational Model for Emotional
    Characters},
    author={Dias, Jo{\~a}o and Paiva, Ana},
    booktitle={Progress in Artificial Intelligence},
    editor={Bento, Carlos and Cardoso, Am{\'i}lcar and Dias, Ga{\"e}l},
    series={Lecture Notes in Computer Science},
    volume={3808},
    pages={127--140},
    year={2005},
    publisher={Springer Berlin Heidelberg},
    address={Berlin, Heidelberg, Germany},
    doi={10.1007/11595014_13}
}

@article{gratch2004domain,
    title={A Domain-Independent Framework for Modeling Emotion},
    author={Gratch, Jonathan and Marsella, Stacy},
    journal={Cognitive Systems Research},
    volume={5},
    number={4},
    pages={269--306},
    month=dec,
    year={2004},
    publisher={Elsevier},
    doi={10.1016/j.cogsys.2004.02.002}
}

@book{picard1997affective,
    title={Affective Computing},
    author={Picard, Rosalind W.},
    year={1997},
    publisher={MIT Press},
    address={Cambridge, MA, USA},
    isbn={0-262-16170-2},
    note={ISBN 0-262-16170-2}
}

@article{brooks1991intelligence,
    title={Intelligence Without Representation},
    author={Brooks, Rodney A.},
    journal={Artificial Intelligence},
    volume={47},
    number={1--3},
    pages={139--159},
    month=jan,
    year={1991},
    publisher={Elsevier}
}

@inproceedings{sloman1981robots,
    title={Why Robots Will Have Emotions},
    author={Sloman, Aaron and Croucher, Monica},
    booktitle={Proceedings of the 7th International Joint Conference on
    Artificial Intelligence},
    series={IJCAI'81},
    volume={1},
    pages={197--202},
    year={1981},
    publisher={August 24--28, 1981, Vancouver, BC, Canada. Morgan Kaufmann
    Publishers},
    address={San Francisco, CA, USA}
}

@inproceedings{jones2007comparing,
    title={Comparing Modeling Idioms in {ACT-R} and {Soar}},
    author={Jones, Randolph M. and Lebiere, Christian and Crossman, Jacob A.},
    booktitle={Proceedings of the 8th International Conference on Cognitive
    Modeling},
    editor={Lewis, Richard L. and Polk, Thad A. and Laird, John E.},
    series={ICCM--2007},
    pages={49--54},
    year={2007},
    publisher={July 26--29, 2007, Ann Arbor, MI, USA. Psychology Press},
    address={East Sussex, UK}
}

@incollection{mayer1997what,
    title={What is Emotional Intelligence?},
    author={Mayer, John D. and Salovey, Peter},
    booktitle={Emotional Development and Emotional Intelligence: Educational
    Implications},
    editor={Salovey, Peter and Sluyter, David J.},
    pages={3--31},
    chapter={1},
    year={1997},
    publisher={Basic Books},
    address={New York, NY, USA}
}

@misc{ahn2009affective,
    title={Affective Cognitive Leaning and Decision Making: The Role of
    Emotions. In \textit{Proceedings of the Symposium on Agent Construction and
    Emotions: Modeling the Cognitive Antecedents and Consequences of Emotion
    (ACE 2006)}},
    author={Ahn, {Hyung-il} and Picard, Rosalind W.},
    month=sep,
    year={2009},
    note={April 18--21, 2006. Part of the 18th European Meeting on Cybernetics
    and Systems Research (EMCSR 2006), April 18--21, 2006, Vienna, Austria.
    \url{https://affect.media.mit.edu/pdfs/06.ahn-picard-emcsr.pdf}},
}

@incollection{marsella2010computational,
    title={Computational Models of Emotion},
    author={Marsella, Stacy C. and Gratch, Johnathan and Petta, Paolo},
    booktitle={A Blueprint for Affective Computing: A Sourcebook and Manual},
    editor={Scherer, Klaus R. and Bänziger, Tanja and Roesch, Etienne B.},
    chapter={1.2},
    pages={21--41},
    series={Series in Affective Science},
    year={2010},
    publisher={Oxford University Press},
    address={New York, NY, USA},
    isbn={978-0-1995-6670-9},
    note={ISBN 978-0-1995-6670-9}
}

@incollection{marsella2015appraisal,
    title={Appraisal Models},
    author={Gratch, Johnathan and Marsella, Stacy C.},
    booktitle={The Oxford Handbook of Affective Computing},
    editor={Calvo, Rafael and D'Mello, Sidney and Gratch, Jonathan and Kappas,
    Arvid},
    series={Oxford Library of Psychology},
    pages={94--109},
    chapter={5},
    year={2015},
    publisher={Oxford University Press},
    address={New York, NY, USA},
    isbn={978-0-1999-4223-7},
    note={ISBN 978-0-1999-4223-7}
}

@article{hudlicka2009challenges,
    title={Challenges in Developing Computational Models of Emotion and
    Consciousness},
    author={Hudlicka, Eva},
    journal={International Journal of Machine Consciousness},
    volume={1},
    number={1},
    pages={131--153},
    month=jun,
    year={2009},
    publisher={World Scientific}
}

@incollection{bosse2010comparing,
    title={Comparing Three Computational Models of Affect},
    author={Bosse, Tibor and Gratch, Jonathan and Hoorn, Johan F. and Portier,
    Matthijs and Siddiqui, Ghazanfar F.},
    booktitle={Advances in Practical Applications of Agents and Multiagent
    Systems},
    editor={Demazeau, Yves and Dignum, Frank and Corchado, Juan M. and
    P{\'e}rez, Javier Bajo},
    series={Advances in Intelligent and Soft Computing},
    volume={70},
    pages={175--184},
    year={2010},
    publisher={Springer Berlin Heidelberg},
    address={Berlin, Heidelberg, Germany},
}

@incollection{gratch2007architectural,
    title={The Architectural Role of Emotion in Cognitive Systems},
    author={Gratch, Jonathan and Marsella, Stacy},
    booktitle={Integrated Models of Cognitive Systems},
    editor={Gray, Wayne D.},
    series={Cognitive Models and Architectures},
    pages={230--242},
    year={2006},
    publisher={Oxford University Press},
    address={New York, NY, USA}
}

@inproceedings{traum2005fight,
    title={Fight, Flight, or Negotiate: Believable Strategies for Conversing
    Under Crisis},
    author={Traum, David and Swartout, William and Marsella, Stacy and Gratch,
    Jonathan},
    booktitle={Intelligent Virtual Agents},
    editor={Panayiotopoulos, Themis and Gratch, Jonathan and Aylett, Ruth and
    Ballin, Daniel and Olivier, Patrick and Rist, Thomas},
    series={Lecture Notes in Computer Science},
    volume={3661},
    pages={52--64},
    year={2005},
    publisher={Springer Berlin Heidelberg},
    address={Berlin, Heidelberg, Germany},
    doi={10.1007/11550617_5}
}

@misc{vesterinen2001affective,
    title={Affective Computing},
    author={Vesterinen, Eerik},
    note={Written for Tik-111.590 Digital Media Research Seminar, Spring 2001,
    Helsinki University of Technology, Helsinki, Finland},
    url={https://www.researchgate.net/profile/Christine-Lisetti/publication/220654708_Affective_computing_-/links/5cb0d34e4585156cd792f724/Affective-computing.pdf},
    lastaccessed={February 19, 2023},
    year={2001}
}

@inproceedings{gratch2009assessing,
    title={Assessing the Validity of Appraisal-based Models of Emotion},
    author={Gratch, Jonathan and Marsella, Stacy and Wang, Ning and Stankovic,
    Brooke},
    booktitle={Proceedings of the 3rd International Conference on Affective
    Computing and Intelligent Interaction and Workshops},
    series={ACII 2009},
    numpages={1--8},
    year={2009},
    publisher={September 10--12, 2009, Amsterdam, The Netherlands. IEEE},
    address={New York, NY, USA},
    doi={10.1109/ACII.2009.5349443}
}

@article{maes1990situated,
    title={Situated Agents Can Have Goals},
    author={Maes, Pattie},
    journal={Robotics and Autonomous Systems},
    volume={6},
    number={1--2},
    pages={49--70},
    month=jun,
    year={1990},
    publisher={Elsevier}
}

@inproceedings{aylett2004agents,
    title={Agents and Affect: Why Embodied Agents Need Affective Systems},
    author={Aylett, Ruth S.},
    booktitle={Methods and Applications of Artificial Intelligence},
    editor={Vouros, George A. and Panayiotopoulos, Themistoklis},
    series={Lecture Notes in Computer Science},
    volume={3025},
    pages={496--504},
    year={2004},
    publisher={Springer Berlin Heidelberg},
    address={Berlin, Heidelberg, Germany}
}

@article{davis2003computational,
    title={Computational Models of Emotion for Autonomy and Reasoning},
    author={Davis, Darryl N. and Lewis, Suzanne C.},
    journal={Informatica (Slovenia)},
    volume={27},
    number={2},
    pages={157--164},
    year={2003},
    publisher={Citeseer}
}

@inproceedings{rank2005appraisal,
    title={Appraisal for a Character-Based Story-World},
    author={Rank, Stefan and Petta, Paolo},
    booktitle={Intelligent Virtual Agents},
    editor={Panayiotopoulos, Themis and Gratch, Jonathan and Aylett, Ruth and
    Ballin, Daniel and Olivier, Patrick and Rist, Thomas},
    pages={495--496},
    series={Lecture Notes in Computer Science},
    volume={3661},
    year={2005},
    publisher={Springer Berlin Heidelberg},
    address={Berlin, Heidelberg, Germany}
}

@article{chong2007integrated,
    title={Integrated Cognitive Architectures: A Survey},
    author={Chong, {Hui-Qing} and Tan, {Ah-Hwee} and Ng, {Gee-Wah}},
    journal={Artificial Intelligence Review},
    volume={28},
    number={2},
    pages={103--130},
    month=aug,
    year={2007},
    publisher={Springer}
}

@article{hudlicka2011guidelines,
    title={Guidelines for Designing Computational Models of Emotions},
    author={Hudlicka, Eva},
    journal={International Journal of Synthetic Emotions},
    volume={2},
    number={1},
    pages={26--79},
    month=jan,
    year={2011},
    publisher={IGI Global}
}

@incollection{hudlicka2015computational,
    title={Computational Analytical Framework for Affective Modeling: {T}owards
    Guidelines for Designing Computational Models of Emotions},
    author={Hudlicka, Eva},
    booktitle={Handbook of Research on Synthesizing Human Emotion in
    Intelligent Systems and Robotics},
    editor={Vallverd{\'u}, Jordi},
    chapter={1},
    pages={1--62},
    year={2015},
    publisher={IGI Global},
    address={Hershey, PA, USA}
}

@article{broekens2008formal,
    title={Formal Models of Appraisal: Theory, Specification, and Computational
    Model},
    author={Broekens, Joost and Degroot, Doug and Kosters, Walter A.},
    journal={Cognitive Systems Research},
    volume={9},
    number={3},
    pages={173--197},
    month=jun,
    year={2008},
    publisher={Elsevier}, 
    doi={10.1016/j.cogsys.2007.06.007}
}

@incollection{hudlicka2007reasons,
    title={Reasons for Emotions: Modeling Emotions in Integrated Cognitive
    Systems},
    author={Hudlicka, Eva},
    booktitle={Integrated Models of Cognitive Systems},
    series={Cognitive Models and Architectures},
    editor={Gray, Wayne D.},
    pages={263--278},
    year={2007},
    address={New York, NY, USA},
    publisher={Oxford University Press}
}

@incollection{jeon2017emotions,
    title={Emotions and Affect in Human Factors and Human-Computer
    Interaction: Taxonomy, Theories, Approaches, and Methods},
    author={Jeon, Myounghoon},
    booktitle={Emotions and Affect in Human Factors and Human-Computer
    Interaction},
    editor={Jeon, Myounghoon},
    chapter={1},
    pages={3--26},
    year={2017},
    publisher={Academic Press},
    address={Cambridge, MA, USA},
    doi={10.1016/B978-0-12-801851-4.00001-X}
}

@book{simon1996sciences,
    title={The Sciences of the Artificial},
    author={Simon, Herbert A.},
    year={1996},
    publisher={MIT Press},
    address={Cambridge, MA, USA}
}

@article{rickel2002toward,
    title={Toward a New Generation of Virtual Humans for Interactive
    Experiences},
    author={Rickel, Jeff and Marsella, Stacy and Gratch, Jonathan and Hill,
    Randall and Traum, David and Swartout, William},
    journal={IEEE Intelligent Systems},
    volume={17},
    number={4},
    pages={32--38},
    month=jul # "--" # aug,
    year={2002},
    publisher={IEEE}
}

@incollection{breazeal2005robot,
    title={Robot Emotion: A Functional Perspective},
    author={Breazeal, Cynthia and Brooks, Rodney},
    editor={Fellous, {Jean-Marc} and Arbib, Michael A.},
    booktitle={Who Needs Emotions? The Brain Meets the Robot},
    series={Series in Affective Science},
    chapter={10},
    pages={271--310},
    year={2005},
    publisher={Oxford University Press},
    address={New York, NY, USA},
    isbn={978-0-19-516619-4},
    note={ISBN 978-0-19-516619-4}
}

@article{breazeal2003emotion,
    title={Emotion and Sociable Humanoid Robots},
    author={Breazeal, Cynthia},
    journal={International Journal of Human-Computer Studies},
    editor={Hudlicka, Eva and McNeese, Michael D.},
    volume={59},
    number={1--2},
    pages={119--155},
    month=jul,
    year={2003},
    publisher={Elsevier},
    doi={10.1016/S1071-5819(03)00018-1}
}

@techreport{breazeal1998toward,
    title={Toward Teaching a Robot ``Infant" using Emotive Communication Acts},
    author={Breazeal, Cynthia and Vel{\'a}squez, Juan},
    numpages={16},
    number={CPM-98-40},
    institution={Centre for Policy Modelling},
    editor={Edmonds, Bruce and Dautenhahn, Kerstin},
    year={1998},
    month= aug # " 21,",
    address={Manchester, UK},
    note={Papers from the \textit{Workshop on Socially Situated Intelligence}.
    August 21, 1998. Part of the 5th International Conference of the Society
    for Adaptive Behavior (SAB'98), August 17--21, 1998, Z{\"u}rich,
    Switzerland. \url{http://cfpm.org/cpmrep40.html}}
}

@mastersthesis{grilo2015emotional,
    title={Emotional Agents in a Serious Game of Cooperation and Competition},
    author={Grilo, {Bernardo Jacobetty {de Abreu} Teles}},
    department={Department of Computer Engineering},
    school={Department of Computer Engineering, University of Lisbon},
    address={Lisbon, Portugal},
    year={2015},
    advisor={C{\'e}sar Figueiredo Pimentel},
    url={https://sotis.tecnico.ulisboa.pt/record/c6a3392a-3323-4d77-ac8c-906d0f845237}
}

@mastersthesis{antunes2012believable,
    title={Believable Synthetic Characters with Social Identity},
    author={Antunes, {Bruno Miguel Valadas}},
    advisor={Carlos Ant{\'o}nio Roque Martinho and Rui Filipe Fernandes Prada},
    department={Department of Computer Engineering},
    school={Department of Computer Engineering, University of Lisbon},
    address={Lisbon, Portugal},
    year={2012},
    url={https://sotis.tecnico.ulisboa.pt/record/4dda7b27-7c2b-48b5-942c-24d2ce72c8b7}
}

@inproceedings{pimentel2013grateful,
    title={Grateful Agents and Agents that Hold a Grudge: The Role of Affective
    Behaviors in Sustained Multi-Agent Interactions},
    author={Pimentel, C{\'e}sar F.},
    booktitle={Proceedings of the 5th International Conference on Agents and
    Artificial Intelligence},
    editor={Filipe, Joaquim and Fred, Ana},
    series={ICAART-2013},
    volume={1},
    month= feb # " 15--18,",
    year={2013},
    pages={324--329},
    publisher={Feb 15--18, 2013, Barcelona, Spain. SciTePress},
    address={Set{\'u}bal, Portugal},
    doi={10.5220/0004334003240329}
}

@techreport{fellous2004human,
    title={From Human Emotions to Robot Emotions},
    author={Fellous, {Jean-Marc}},
    numpages={11},
    number={SS04-02-008},
    year={2004},
    institution={AAAI Press},
    address={Menlo Park, CA, USA},
    note={In \textit{AAAI Spring Symposium on Architectures for Modeling
    Emotion: Cross-Disciplinary Foundations}, Eva Hudlicka and Lola
    Ca{\~n}amero (Co-chairs). Technical Report SS-04-02. March 22--24, 2004,
    Palo Alto, CA, USA. AAAI Press, Menlo Park, CA, USA, 39--46.
    \url{https://www.aaai.org/Papers/Symposia/Spring/2004/SS-04-02/SS04-02-008.pdf}}
}

@techreport{hudlicka2008we,
    title={What are We Modeling When We Model Emotion?},
    author={Hudlicka, Eva},
    url={https://aaai.org/Papers/Symposia/Spring/2008/SS-08-04/SS08-04-010.pdf},
    numpages={8},
    number={SS08-04-010},
    year={2008},
    institution={AAAI Press},
    address={Menlo Park, CA, USA},
    note={In \textit{AAAI Spring Symposium on Emotion, Personality, and Social
    Behavior}, Ian Horswill, Eva Hudlicka, Christine Lisetti, and Juan D.
    Velasquez (Co-chairs). Technical Report SS08-04. March 26--28, 2008, Palo
    Alto, CA, USA. AAAI Press, Menlo Park, CA, USA, 52--59}
}

@inproceedings{broekens2004scalable,
    title={Scalable and Flexible Appraisal Models for Virtual Agents},
    author={Broekens, Joost and DeGroot, Doug},
    booktitle={Proceedings of the 5th Game-On International Conference on
    Computer Games: Artificial Intelligence, Design and Education},
    editor={Mehdi, Quasim and Gough, Norman and Natkin, St{\'e}phane and
    Al-Dabass, David},
    series={CGAIDE'2004},
    pages={208--215},
    month= nov # " 8--10,",
    year={2004},
    publisher={November 8--10, 2004, Reading, UK. University of Wolverhampton
    School of Computing and Information Technology},
    address={Wolverhampton, UK},
    isbn={0-9549016-0-6},
    url={https://www.cp.eng.chula.ac.th/~vishnu/conferences/CGAIDE.pdf}
}

@inproceedings{alfonso2014open,
    title={An Open Architecture for Affective Traits in a {BDI} Agent},
    author={Alfonso, Bexy and Vivancos, Emilio and Botti, Vicent J.},
    booktitle={Proceedings of the 6th International Conference on Evolutionary
    Computation Theory and Applications---ECTA},
    volume={1},
    series={IJCCI 2014},
    editor={Rosa, Agostinho and Merelo, Juan Julian and Filipe, Joaquim},
    pages={320--325},
    year={2014},
    month= oct # " 22--24,",
    publisher={October 22--24, 2014, Rome, Italy. SciTePress},
    address={Set{\'u}bal, Portugal},
    doi={10.5220/0005153603200325}
}

@article{alfonso2017toward,
    title={Toward Formal Modeling of Affective Agents in a {BDI} Architecture},
    author={Alfonso, Bexy and Vivancos, Emilio and Botti, Vicente},
    journal={ACM Transactions on Internet Technology},
    volume={17},
    number={1},
    articleno={5},
    numpages={23},
    month=mar,
    year={2017},
    publisher={Association for Computing Machinery},
    doi={10.1145/3001584}
}

@article{vieira2007formal,
    title={On the Formal Semantics of Speech-Act Based Communication in an
    Agent-Oriented Programming Language},
    author={Vieira, Renata and Moreira, {\'A}lvaro F. and Wooldridge, Michael
    and Bordini, Rafael H.},
    journal={Journal of Artificial Intelligence Research},
    volume={29},
    pages={221--267},
    month= jun,
    year={2007},
    doi={10.1613/jair.2221}
}

@inproceedings{taverner2016integrating,
    title={Integrating Expectations into {Jason} for Appraisal in Emotion
    Modeling},
    author={Taverner, Joaqu{\'\i}n and Alfonso, Bexy and Vivancos, Emilio and
    Botti, Vicente J.},
    booktitle={Proceedings of the 8th International Joint Conference on
    Computational Intelligence---ECTA},
    volume={1},
    series={IJCCI 2016},
    pages={231--238},
    year={2016},
    publisher={November 9--11, 2016, Porto, Portugal. SciTePress},
    address={Set{\'u}bal, Portugal},
    doi={10.5220/0006070202310238}
}

@inproceedings{taverner2018modeling,
    title={Modeling Personality in the Affective Agent Architecture
    {GenIA}$^{3}$},
    author={Taverner, Joaqu{\'\i}n and Alfonso, Bexy and Vivancos, Emilio and
    Botti, Vicent},
    booktitle={Proceedings of the 10th International Conference on Agents and
    Artificial Intelligence},
    series={ICAART 2018},
    volume={1},
    editor={Rocha, Ana Paula and van den Herik, Jaap},
    pages={236--243},
    year={2018},
    publisher={January 16--18, 2018, Funchal, Madeira, Portugal. SciTePress},
    address={Set{\'u}bal, Portugal},
    doi={10.5220/0006597202360243}
}

@techreport{canamero2000does,
    title={How Does it Feel? Emotional Interaction with a Humanoid {L}ego
    Robot},
    author={Ca{\~n}amero, Lola D. and Fredslund, Jakob},
    source={https://aaai.org/Papers/Symposia/Fall/2000/FS-00-04/FS00-04-006.pdf},
    numpages={6},
    number={FS00-04-006},
    year={2000},
    institution={AAAI Press},
    address={Menlo Park, CA, USA},
    note={In \textit{AAAI Fall Symposium on Socially Intelligent Agents: The
    Human in the Loop}, Kerstin Dautenhahn (Chair). Technical Report FS-00-04.
    November 3--5, 2000, North Falmouth, MA, USA. AAAI Press, Menlo Park, CA,
    USA, 23--28}
}

@inproceedings{ochs2008modeling,
    title={Modeling the Dynamics of Non-Player Characters' Social Relations in
    Video Games},
    author={Ochs, Magalie and Sabouret, Nicolas and Corruble, Vincent},
    booktitle={Proceedings of the Fourth Artificial Intelligence and
    Interactive Digital Entertainment Conference},
    series={AIIDE-08},
    pages={90--95},
    year={2008},
    publisher={October 22--24, 2008, Palo Alto, CA, USA. AAAI},
    address={Menlo Park, CA, USA}
}

@inproceedings{sehaba2007emotional,
    title={An Emotional Model for Synthetic Characters with Personality},
    author={Sehaba, Karim and Sabouret, Nicolas and Corruble, Vincent},
    booktitle={Affective Computing and Intelligent Interaction},
    editor={Paiva, Ana C. R. and Prada, Rui and Picard, Rosalind W.},
    series={Lecture Notes in Computer Science},
    volume={4738},
    pages={749--750},
    year={2007},
    publisher={Springer Berlin Heidelberg},
    address={Berlin, Heidelberg, Germany},
    doi={10.1007/978-3-540-74889-2_81}
}

@article{ochs2009simulation,
    title={Simulation of the Dynamics of Nonplayer Characters' Emotions and
    Social Relations in Games},
    author={Ochs, Magalie and Sabouret, Nicolas and Corruble, Vincent},
    journal={IEEE Transactions on Computational Intelligence and AI in Games},
    volume={1},
    number={4},
    pages={281--297},
    month=nov,
    year={2009},
    publisher={IEEE},
    doi={10.1109/TCIAIG.2009.2036247}
}

@article{ochs2012formal,
    title={A Formal Model of Emotions for an Empathic Rational Dialog Agent},
    author={Ochs, Magalie and Sadek, David and Pelachaud, Catherine},
    journal={Autonomous Agents and Multi-Agent Systems},
    volume={24},
    number={3},
    pages={410--440},
    month= may,
    year={2012},
    publisher={Springer},
    doi={10.1007/s10458-010-9156-z}
}

@inproceedings{ochs2007emotion,
    title={Emotion Elicitation in an Empathic Virtual Dialog Agent},
    author={Ochs, Magalie and Pelachaud, Catherine and Sadek, David},
    booktitle={Proceedings of the European Cognitive Science Conference},
    series={EurCogSci07},
    editor={Vosniadou, Stella and Kayser, Daniel and Protopapas, Athanassios},
    pages={452--457},
    month= may  # " 23--27,",
    year={2007},
    address={New York, NY, USA},
    publisher={May 23--27, 2007, Delphi, Greece. Psychology Press},
    isbn={978-1-8416-9696-6},
    note={ISBN 978-1-8416-9696-6}
}

@inproceedings{schaap2008towards,
    title={Towards Emotional Characters in Computer Games},
    author={Schaap, Robert and Bidarra, Rafael},
    booktitle={Entertainment Computing - ICEC 2008},
    editor={Stevens, Scott M. and Saldamarco, Shirley J.},
    series={Lecture Notes in Computer Science},
    volume={5309},
    pages={167--172},
    year={2008},
    publisher={Springer Berlin Heidelberg},
    address={Berlin, Heidelberg, Germany},
    doi={10.1109/ITW.2010.5593335}
}

@inproceedings{parunak2006model,
    title={A Model of Emotions for Situated Agents},
    author={van Dyke Parunak, H. and Bisson, Robert and Brueckner, Sven and
    Matthews, Robert S. and Sauter, John A.},
    booktitle={Proceedings of the 5th International Joint Conference on
    Autonomous Agents and Multiagent Systems},
    series={AAMAS'06},
    pages={993--995},
    month= may # " 8--12,",
    year={2006},
    publisher={May 8--12, 2006, Hakodate, Japan. ACM},
    address={New York, NY, USA},
    doi={10.1145/1160633.1160810}
}

@article{lauren2002map,
    title={{Map-Aware N}on-Uniform {A}utomata ({MANA})---{A} {New Zealand}
    Approach to Scenario Modelling},
    author={Lauren, Michael and Stephen, Roger},
    journal={Journal of Battlefield Technology},
    volume={5},
    pages={27--31},
    month=mar,
    year={2002},
    publisher={ARGOS PRESS PTY LTD},
    url={https://www.argospress.com/articles/2002/map-aware-non-uniform-automata-a-new-zealand-approach-to-scenario-modelling}
}

@book{ilachinski2004artificial,
    title={Artificial War: Multiagent-based Simulation of Combat},
    author={Ilachinski, Andrew},
    year={2004},
    publisher={World Scientific},
    address={Singapore}
}

@article{rosis2003from,
    title={From {G}reta's Mind to Her Face: Modelling the Dynamics of Affective
    States in a Conversational Embodied Agent},
    author={de Rosis, Fiorella and Pelachaud, Catherine and Poggi, Isabella and
    Carofiglio, Valeria and De Carolis, Bernadina},
    journal={International Journal of Human-Computer Studies},
    editor={Hudlicka, Eva and McNeese, Michael D.},
    volume={59},
    number={1--2},
    pages={81--118},
    month=jul,
    year={2003},
    publisher={Elsevier},
    doi={10.1016/S1071-5819(03)00020-X}
}

@incollection{hudlicka2014habits,
    title={From Habits to Standards: Towards Systematic Design of Emotion
    Models and Affective Architectures},
    author={Hudlicka, Eva},
    booktitle={Emotion Modeling: Towards Pragmatic Computational Models
    of Affective Processes},
    editor={Bosse, Tibor and Broekens, Joost and Dias, Jo{\~a}o and {van der
    Zwaan}, Janneke},
    series={Lecture Notes in Computer Science},
    volume={8750},
    pages={3--23},
    month=nov,
    year={2014},
    publisher={Springer International Publishing},
    address={Cham, Switzerland},
    doi={10.1007/978-3-319-12973-0_1}
}

@article{martinho2000emotions,
    title={Emotions for a Motion: {R}apid Development of Believable Pathematic
    Agents in Intelligent Virtual Environments},
    author={Martinho, Carlos A. and Paiva, Ana M. and Gomes, Mario R.},
    journal={Applied Artificial Intelligence},
    volume={14},
    number={1},
    pages={33--68},
    month= jan,
    year={2000},
    publisher={Taylor \& Francis},
    doi={10.1080/088395100117151}
}

@inproceedings{arrabales2009towards,
    title={Towards Conscious-like Behavior in Computer Game Characters},
    author={Arrabales, Ra{\'u}l and Ledezma, Agapito and Sanchis, Araceli},
    booktitle={Proceedings of the IEEE Symposium on Computational Intelligence
    and Games},
    series={CIG 2009},
    pages={217--224},
    year={2009},
    publisher={September 7--10, 2009, Milan, Italy. IEEE},
    address={New York, NY, USA},
}

@inproceedings{miles2009improving,
    title={Improving the Believability of Non-Player Characters in Simulations},
    author={Miles, Jere D. and Tashakkori, Rahman},
    booktitle={Proceedings of the 2nd Conference on Artificial General
    Intelligence},
    editor={Goertzel, Ben and Hitzler, Pascal and Hutter, Marcus},
    series={AGI-09},
    pages={98-99},
    year={2009},
    publisher={March 6--9, 2009, Arlington, VA, USA. Atlantis Press},
    address={Paris, France},
    doi={10.2991/agi.2009.22},
}

@incollection{lisetti2015and,
    title={Why and How to Build Emotion-Based Agent Architectures},
    author={Lisetti, Christine and Hudlicka, Eva},
    booktitle={The Oxford Handbook of Affective Computing},
    editor={Calvo, Rafael and D'Mello, Sidney and Gratch, Jonathan and Kappas,
    Arvid},
    series={Oxford Library of Psychology},
    chapter={8},
    pages={94--109},
    month= jan,
    year={2015},
    publisher={Oxford University Press},
    address={New York, NY, USA},
    isbn={978-0-1999-4223-7},
    note={ISBN 978-0-1999-4223-7}
}

@article{lee2015cognitive,
    title={Cognitive Intervention and Reconciliation: {NPC} Believability in
    Single-Player {RPGs}},
    author={Lee, Michael Sangyeob and Heeter, Carrie},
    journal={International Journal of Role-Playing},
    volume={5},
    pages={47--65},
    year={2015},
    url={http://ijrp.subcultures.nl/wp-content/uploads/2016/12/IJRP-5-Lee-and-Heeter.pdf}
}

@incollection{hudlicka2016virtual,
    title={Virtual Affective Agents and Therapeutic Games},
    author={Hudlicka, Eva},
    booktitle={Artificial Intelligence in Behavioral and Mental Health Care},
    editor={Luxton, David D.},
    chapter={4},
    pages={81--115},
    year={2016},
    publisher={Academic Press},
    address={San Diego, CA, USA}
}

@misc{allbeck2002toward,
    title={Toward Representing Agent Behaviors Modified by Personality and
    Emotion. In \textit{Proceedings of the Workshop on Embodied Conversational
    Agents---Let's Specify and Compare Them!}},
    author={Allbeck, Jan and Badler, Norman},
    year={2002},
    note={July 16, 2002. Held in conjunction with the First International Joint
    Conference on Autonomous Agents and Multiagent Systems (AAMAS'02), July
    15--19, 2002, Bologna, Italy.
    \url{https://www.vhml.org/workshops/AAMAS/papers/allbeck.pdf}}
}

@article{yannakakis2018ordinal,
    title={The Ordinal Nature of Emotions: An Emerging Approach},
    author={Yannakakis, Georgios N. and Cowie, Roddy and Busso, Carlos},
    journal={IEEE Transactions on Affective Computing},
    year={2018},
    volume={12},
    number={1},
    month=jan # "--" # mar,
    pages={16--35},
    publisher={IEEE}
}

@inproceedings{arrabales2009establishing,
    title={Establishing a Roadmap and Metrics for Conscious Machines
    Development},
    author={Arrabales, Raul and Ledezma, Agapito and Sanchis, Araceli},
    booktitle={Proceedings of the 8th IEEE International Conference on
    Cognitive Informatics},
    pages={94--101},
    year={2009},
    publisher={June 15--17, 2009, Hong Kong, China. IEEE},
    address={New York NY, USA}
}

@misc{staller1998towards,
    title={Towards a Tractable Appraisal-based Architecture for Situated
    Cognizers. In \textit{Workshop Notes of the 5th International Conference of
    the Society for Adaptive Behavior: Grounding Emotions in Adaptive Systems}},
    author={Staller, Alexander and Petta, Paolo},
    booktitle={SAB'98 Workshop 5 Notes: Grounding Emotions in Adaptive Systems},
    series={SAB'98},
    year={1998},
    note={August 21, 1998. Part of the 5th International Conference
    of the Society for Adaptive Behavior (SAB'98), August 17--21, 1998,
    Z{\"u}rich, Switzerland. Article No. 16, 19 pages.
    \url{https://www.ofai.at/~paolo.petta/conf/sab98/sab98abs16.html}},
}

@incollection{petta2002role,
    title={The Role of Emotions in a Tractable Architecture for Situated
    Cognizers},
    author={Petta, Paolo},
    booktitle={Emotions in Humans and Artifacts},
    editor={Trappl, Robert and Petta, Paolo and Payr, Sabine},
    pages={251--288},
    chapter={9},
    year={2002},
    publisher={MIT Press},
    address={Cambridge, MA, USA},
    isbn={0-262-20142-9},
    note={ISBN 0-262-20142-9}
}

@article{bonasso1997experiences,
    title={Experiences with an Architecture for Intelligent, Reactive Agents},
    author={Bonasso, R. Peter and Firby, R. James and Gat, Erann and
    Kortenkamp, David and Miller, David P. and Slack, Mark G.},
    journal={Journal of Experimental \& Theoretical Artificial Intelligence},
    volume={9},
    number={2--3},
    pages={237--256},
    month= apr,
    year={1997},
    publisher={Springer},
    doi={10.1080/095281397147103}
}

@phdthesis{loyall1997believable,
    title={Believable Agents: Building Interactive Personalities},
    author={Loyall, Aaron B.},
    year={1997},
    department={Department of Computer Science},
    school={Department of Computer Science, Carnegie Mellon University},
    address={Pittsburgh, PA, USA},
    advisor={Joseph Bates},
    url={https://www.cs.cmu.edu/afs/cs/project/oz/web/papers.html}
}

@article{lim2012creating,
    title={Creating Adaptive Affective Autonomous {NPCs}},
    author={Lim, Mei Yii and Dias, Jo{\~a}o and Aylett, Ruth and Paiva, Ana},
    journal={Autonomous Agents and Multi-Agent Systems},
    editor={Dignum, Frank},
    volume={24},
    number={2},
    pages={287--311},
    month=mar,
    year={2012},
    publisher={Springer},
    doi={10.1007/s10458-010-9161-2}
}

@incollection{cambria2012hourglass,
    title={The Hourglass of Emotions},
    author={Cambria, Erik and Livingstone, Andrew and Hussain, Amir},
    booktitle={Cognitive Behavioural Systems},
    editor = {Esposito, Anna and Esposito, Antonietta M. and Vinciarelli,
    Alessandro and Hoffmann, R{\"u}diger and M{\"u}ller, Vincent C.},
    volume={7403},
    pages={144--157},
    year={2012},
    series={Lecture Notes in Computer Science},
    publisher={Springer Berlin Heidelberg},
    address={Berlin, Heidelberg, Germany},
    doi={10.1007/978-3-642-34584-5_11}
}

@article{susanto2020hourglass,
    title={The Hourglass Model Revisited},
    author={Susanto, Yosephine and Livingstone, Andrew G. and Ng, Bee Chin and
    Cambria, Erik},
    journal={IEEE Intelligent Systems},
    volume={35},
    number={5},
    pages={96--102},
    month= sep # "--" # oct,
    year={2020},
    doi={10.1109/MIS.2020.2992799}
}

@article{eladhari2014mind,
    title={The {Mind Module}---{U}sing an Affect and Personality Computational
    Model as a Game-Play Element},
    author={Eladhari, Mirjam Palosaari},
    journal={IEEE Transactions on Affective Computing},
    volume={5},
    number={1},
    pages={3--16},
    month= jan # "--" # mar,
    year={2014},
    doi={10.1109/TAFFC.2014.2309123}
}

@article{salichs2012new,
    title={A New Approach to Modeling Emotions and Their Use on a
    Decision-Making System for Artificial Agents},
    author={Salichs, Miguel Angel and Malfaz, Mar{\'i}a},
    journal={IEEE Transactions on Affective Computing},
    volume={3},
    number={1},
    pages={56--68},
    month=jan # "--" # mar,
    year={2012},
    doi={10.1109/T-AFFC.2011.32}
}

@article{fathalla2020emotional,
    title={Emotional Models: Types and Applications},
    author={Fathalla, Rana},
    journal={International Journal on Synthetic Emotions},
    volume={11},
    number={2},
    pages={1--18},
    month= jan # "--" # jun,
    year={2020},
    publisher={IGI Global},
    doi={10.4018/ijse.2020070101}
}

@article{scherer2021towards,
    title={Towards a Prediction and Data Driven Computational Process Model of
    Emotion},
    author={Scherer, Klaus R.},
    journal={IEEE Transactions on Affective Computing},
    volume={12},
    number={2},
    pages={279--292},
    month=apr # "--" # jun,
    year={2021},
    doi={10.1109/TAFFC.2019.2905209}
}

@techreport{alfonso2016toward,
    title={Toward a Systematic Development of Affective Intelligent Agents},
    author={Alfonso, Bexy and Vivancos, Emilio and Botti, Vicente},
    year={2016},
    institution={Departamento de Sistemas Inform{\'a}ticos Y Computaci{\'o}n,
    Universidad Polit{\`e}cnica de Val{\`e}ncia, Val{\`e}ncia, Spain},
    url={http://hdl.handle.net/10251/62436}
}

@inproceedings{ruiz2015emotions,
    title={From Emotions to Action Units with Hidden and Semi-Hidden-Task
    Learning},
    author={Ruiz, Adria and {Van de Weijer}, Joost and Binefa, Xavier},
    booktitle={Proceedings of the IEEE International Conference on Computer
    Vision},
    series={ICCV 2015},
    pages={3703--3711},
    year={2015},
    publisher={December 7--13, 2015, Santiago, Chile. IEEE},
    address={New York, NY, USA}
}

@article{emotionsurvey,
    author    = {Moerland, Thomas M. and Broekens, Joost and Jonker, Catholijn
    M.},
    title     = {Emotion in Reinforcement Learning Agents and Robots: {A}
    Survey},
    journal   = {Machine Learning},
    volume    = {107},
    number = {2},
    year      = {2018},
    pages = {443--480},
    publisher={Springer}
}

@incollection{singh2015realizing,
    title={On Realizing Emotional Memories},
    author={Singh, Saurabh K. and Jha, Shashi Shekhar and Nair, Shivashankar
    B.},
    booktitle={Handbook of Research on Synthesizing Human Emotion in
    Intelligent Systems and Robotics},
    editor={Vallverd{\'u}, Jordi},
    series={Advances in Computational Intelligence and Robotics (ACIR)},
    chapter={5},
    pages={116--151},
    year={2015},
    publisher={IGI Global},
    address={Hershey, PA, USA}
}

@inproceedings{sequeira2011emotion,
    title={Emotion-Based Intrinsic Motivation for Reinforcement Learning
    Agents},
    author={Sequeira, Pedro and Melo, Francisco S. and Paiva, Ana},
    booktitle={Affective Computing and Intelligent Interaction},
    editor={D'Mello, Sidney and Graesser, Arthur and Schuller, Bj{\"o}rn and
    Martin, Jean-Claude},
    series={Lecture Notes in Computer Science},
    volume={6974},
    pages={326--336},
    year={2011},
    publisher={Springer Berlin Heidelberg},
    address={Berlin, Heidelberg, Germany}
}

@inproceedings{vala2009ion,
    title={{ION} {F}ramework---{A} Simulation Environment for Worlds with
    Virtual Agents},
    author={Vala, Marco and Raimundo, Guilherme and Sequeira, Pedro and Cuba,
    Pedro and Prada, Rui and Martinho, Carlos and Paiva, Ana},
    booktitle={Intelligent Virtual Agents},
    editor={Ruttkay, Zs{\'o}fia and Kipp, Michael and Nijholt, Anton and
    Vilhj{\'a}lmsson, Hannes H{\"o}gni},
    series={Lecture Notes in Computer Science},
    volume={5773},
    pages={418--424},
    year={2009},
    publisher={Springer Berlin Heidelberg},
    address={Berlin, Heidelberg, Germany}
}

@inproceedings{sequeira2016discovering,
    title={Discovering Social Interaction Strategies for Robots from
    Restricted-Perception {Wizard-of-Oz} Studies},
    author={{Sequeira}, Pedro and {Alves-Oliveira}, Patrícia and {Ribeiro},
    Tiago and Di Tullio, Eugenio and Petisca, Sofia and Melo, Francisco S. and
    Castellano, Ginevra and Paiva, Ana},
    booktitle={Proceedings of the 11th ACM/IEEE International Conference on
    Human-Robot Interaction (HRI)},
    series={HRI'16},
    year={2016},
    pages={197--204},
    publisher={March 7--10, 2016, Christchurch, New Zealand. IEEE},
    address={New York, NY, USA}
}

@article{hortensius2018perception,
    title={The Perception of Emotion in Artificial Agents},
    author={Hortensius, Ruud and Hekele, Felix and Cross, Emily S.},
    journal={IEEE Transactions on Cognitive and Developmental Systems},
    month=dec,
    year={2018},
    volume={10},
    number={4},
    pages={852--864},
}

@inproceedings{smith2019creating,
    title={Creating a Framework for Whole-Body Emotional Expression to Improve
    the Social Communication Abilities of Artificial Agents},
    author={Smith, Rebecca and Pollick, Frank and Cross, Emily and Christensen,
    Julia},
    booktitle={Proceedings of the XVI European Congress of Psychology},
    pages={1473},
    year={2019},
    publisher={July 2--5, 2019, Moscow, Russia. Moscow State University},
    address={Moscow, Russia}
}

@inproceedings{vilhjalmsson2007behaviour,
    title={The {Behavior Markup Language}: Recent Developments and Challenges},
    author={Vilhj{\'a}lmsson, Hannes and Cantelmo, Nathan and Cassell, Justine
    and E. Chafai, Nicolas and Kipp, Michael and Kopp, Stefan and Mancini,
    Maurizio and Marsella, Stacy and Marshall, Andrew N. and Pelachaud,
    Catherine and Ruttkay, Zsofi and Th{\'o}risson, Kristinn R. and van
    Welbergen, Herwin and van der Werf, Rick J.},
    booktitle={Intelligent Virtual Agents},
    editor={Pelachaud, Catherine and Martin, Jean-Claude and Andr{\'e},
    Elisabeth and Chollet, G{\'e}rard and Karpouzis, Kostas and Pel{\'e},
    Danielle},
    series={Lecture Notes in Computer Science},
    volume={4722},
    pages={99--111},
    year={2007},
    publisher={Springer Berlin Heidelberg},
    address={Berlin, Heidelberg, Germany}
}

@misc{pecune2014suggestions,
    title={Suggestions for Extending {SAIBA} with the {VIB} Platform. In
    \textit{Workshop on Architectures and Standards for Intelligent Virtual
    Agents (WASIVA'14)}},
    author={Pecune, Florian and Cafaro, Angelo and Chollet, Mathieu and
    Philippe, Pierre and Pelachaud, Catherine},
    year={2014},
    note={August 26, 2014. Part of the 14th International Conference on
    Intelligent Virtual Agents (IVA 2014), August 27--29, 2014, Boston, MA,
    USA, 16--19},
}

@inproceedings{hartholt2013all,
    title={All Together Now: Introducing the Virtual Human Toolkit},
    author={Hartholt, Arno and Traum, David and Marsella, Stacy C. and Shapiro,
    Ari and Stratou, Giota and Leuski, Anton and Morency, Louis-Philippe and
    Gratch, Jonathan},
    booktitle={Intelligent Virtual Agents},
    editor={Aylett, Ruth and Krenn, Brigitte and Pelachaud, Catherine and
    Shimodaira, Hiroshi},
    series={Lecture Notes in Computer Science},
    volume={8108},
    pages={368--381},
    year={2013},
    publisher={Springer Berlin Heidelberg},
    address={Berlin, Heidelberg, Germany}
}

@inproceedings{pecune2014cognitive,
    title={A Cognitive Model of Social Relations for Artificial Companions},
    author={Pecune, Florian and Ochs, Magalie and Pelachaud, Catherine},
    booktitle={Intelligent Virtual Agents},
    editor={Bickmore, Timothy and Marsella, Stacy and Sidner, Candace},
    series={Lecture Notes in Computer Science},
    volume={8637},
    pages={325--328},
    year={2014},
    publisher={Springer International Publishing},
    address={Cham, Switzerland}
}

@incollection{ravenet2016emotion,
    title={Emotion and Attitude Modeling for Non-Player Characters},
    author={Ravenet, Brian and Pecune, Florian and Chollet, Mathieu and
    Pelachaud, Catherine},
    booktitle={Emotion in Games: Theory and Praxis},
    editor={Karpouzis, Kostas and Yannakakis, Georgios N.},
    pages={139--154},
    year={2016},
    series={Socio-Affective Computing},
    volume={4},
    publisher={Springer International Publishing},
    address={Cham, Switzerland}
}

@inproceedings{marsella2009assessing,
    title={Assessing the Validity of a Computational Model of Emotional
    Coping},
    author={Marsella, Stacy and Gratch, Jonathan and Wang, Ning and Stankovic,
    Brooke},
    booktitle={Proceedings of the 3rd International Conference on Affective
    Computing and Intelligent Interaction and Workshops},
    series={ACII 2009},
    year={2009},
    numpages={1--8},
    publisher={September 10--12, 2009, Amsterdam, The Netherlands. IEEE},
    address={New York, NY, USA},
    doi={10.1109/ACII.2009.5349584}
}

@inproceedings{cassell2001beat,
    author = {Cassell, Justine and Vilhj\'{a}lmsson, Hannes H\"{o}gni and
    Bickmore, Timothy},
    title = {{BEAT}: {T}he {Behavior Expression Animation Toolkit}},
    year = {2001},
    booktitle={Life-Like Characters: Tools, Affective Functions, and
    Applications},
    editor={Prendinger, Helmut and Ishizuka, Mitsuru},
    pages = {163--185},
    series = {Cognitive Technologies},
    publisher={Springer Berlin Heidelberg},
    address={Berlin, Heidelberg, Germany}
}

@inproceedings{weistroffer2013methodology,
    title={A Methodology to Assess the Acceptability of Human-Robot
    Collaboration using Virtual Reality},
    author={Weistroffer, Vincent and Paljic, Alexis and Callebert, Lucile and
    Fuchs, Philippe},
    booktitle={Proceedings of the 19th ACM Symposium on Virtual Reality
    Software and Technology},
    series={VRST'13},
    pages={39--48},
    year={2013},
    publisher={October 6--9, 2013, Singapore. ACM},
    address={New York, NY, USA},
}

@article{gratch2002creating,
    author={{Gratch}, Jonathan and {Rickel}, Jeff and Andr{\'e}, Elizabeth and
    {Cassell}, Justine and {Petajan}, Eric and {Badler}, Norman},
    journal={IEEE Intelligent Systems},
    title={Creating Interactive Virtual Humans: {S}ome Assembly Required},
    month=jul # "--" # aug,
    year={2002},
    volume={17},
    number={4},
    pages={54--63},
}

@inproceedings{gratch2001tears,
    author = {Gratch, Jonathan and Marsella, Stacy},
    title = {Tears and Fears: Modeling Emotions and Emotional Behaviors in
    Synthetic Agents},
    year = {2001},
    booktitle = {Proceedings of the 5th International Conference on Autonomous
    Agents},
    series={AGENTS'01},
    pages = {278--285},
    publisher = {May 28--June 1, 2001, Montr{\'e}al, QC, Canada. ACM},
    address = {New York, NY, USA},
}
location = {Montr{\'e}al, QC, Canada},

@inproceedings{aljammaz2020scheherazade,
    title={{Scheherazade's Tavern}: A Prototype For Deeper {NPC} Interactions},
    author={Aljammaz, Rehaf and Oliver, Elizabeth and Whitehead, Jim and
    Mateas, Michael},
    booktitle={International Conference on the Foundations of Digital Games},
    series={FDG'20},
    editor={Yannakakis, Georgios N. and Liapis, Antonios and Kyburz, Penny and
    Volz, Vanessa and Khosmood, Foaad and Lopes, Phil},
    articleno={22},
    numpages={9},
    year={2020},
    publisher={September 15--18, 2020, Bugibba, Malta. ACM},
    address = {New York, NY, USA},
    doi={10.1145/3402942.3402984}
}

@inproceedings{chilukuri2011algorithm,
    title={An Algorithm to Generate Engaging Narratives Through Non-Linearity},
    author={Chilukuri, Vinay and Indurkhya, Bipin},
    booktitle={Proceedings of the 22nd ACM Conference on Hypertext and
    Hypermedia},
    series={HT'11},
    pages={291--298},
    year={2011},
    publisher={June 6--9, 2011, Eindhoven, The Netherlands. ACM},
    address = {New York, NY, USA},
    doi={10.1145/1995966.1996004}
}

@misc{mascarenhas2021fatima,
    title={{FAtiMA Toolkit---Toward an Effective and Accessible Tool for the
    Development of Intelligent Virtual Agents and Social Robots}},
    author={Samuel Mascarenhas and Manuel Guimar{\~a}es and Pedro A. Santos and
    Jo{\~a}o Dias and Rui Prada and Ana Paiva},
    year={2021},
    eprint = {2103.03020},
    url = {https://arxiv.org/abs/2103.03020},
}

@article{mascarenhas2022fatima,
    title={{FAtiMA Toolkit}: {T}oward an Accessible Tool for the Development of
    Socio-emotional Agents},
    author={Samuel Mascarenhas and Manuel Guimar{\~a}es and Rui Prada and Pedro
    A. Santos and Jo{\~a}o Dias and Ana Paiva},
    journal={ACM Transactions on Interactive Intelligent Systems},
    volume={12},
    number={1},
    articleno={8},
    numpages={30},
    month= mar,
    year={2022},
    publisher={ACM},
    doi={10.1145/3510822}
}

@misc{guimaraes2022fatima,
    title={{Towards Explainable Social Agent Authoring tools: A case study on
    FAtiMA-Toolkit}},
    author={Manuel Guimar{\~a}es and Joana Campos and Pedro A. Santos and
    Jo{\~a}o Dias and Rui Prada},
    year={2022},
    eprint = {2206.03360},
    url = {https://arxiv.org/abs/2206.03360},
}

@inproceedings{ojha2016ethically,
    title={Ethically-Guided Emotional Responses for Social Robots: Should I Be
    Angry?},
    author={Ojha, Suman and Williams, Mary-Anne},
    booktitle={Social Robotics},
    editor={Agah, Arvin and Cabibihan, John-John and Howard, Ayanna M. and
    Salichs, Miguel A. and He, Hongsheng},
    series={Lecture Notes in Computer Science},
    volume={9979},
    pages={233--242},
    year={2016},
    publisher={Springer International Publishing},
    address={Cham, Switzerland},
    doi={10.1007/978-3-319-47437-3_23}
}

@inproceedings{ojha2017emotional,
    title={Emotional Appraisal: {A} Computational Perspective},
    author={Ojha, Suman and Williams, Mary-Anne},
    booktitle={5th Annual Conference on Advances in Cognitive Systems 2017
    Poster Collection},
    series={ACS 2017},
    articleno={5},
    numpages={15},
    month=may # " 12--14,",
    year={2017},
    publisher={May 12--14, 2017, Troy, NY, USA. Cognitive Systems Foundation},
    address={http://www.cogsys.org/},
    url={http://www.cogsys.org/posters/2017/poster-2017-5.pdf}
}

@article{ojha2018essence,
    title={The Essence of Ethical Reasoning in Robot-Emotion Processing},
    author={Ojha, Suman and Williams, {Mary-Anne} and Johnston, Benjamin},
    journal={International Journal on Social Robotics},
    editor={Agah, Arvin and Cabibihan, {John-John} and Howard, Ayanna and
    Salichs, Miguel and He, Hongsheng},
    volume={10},
    number={2},
    pages={211--223},
    month= apr,
    year={2018},
    publisher={Springer},
    doi={10.1007/s12369-017-0459-y}
}

@inproceedings{ojha2019integrating,
    title={Integrating Personality and Mood with Agent Emotions},
    author={Ojha, Suman and Vitale, Jonathan and Raza, Syed Ali and
    Billingsley, Richard and Williams, Mary-Anne},
    booktitle={Proceedings of the 18th International Conference on Autonomous
    Agents and MultiAgent Systems},
    series={AAMAS'19},
    pages={2147--2149},
    month=may # " 13--17,",
    year={2019},
    publisher={May 13--17, 2019, Montr{\'e}al, QC, Canada. IFAAMAS},
    address={Richland, SC, USA},
    isbn={978-1-4503-6309-9},
    note={ISBN 978-1-4503-6309-9}
}

@inproceedings{jones2011fuzzy,
    title={Fuzzy Rules for Events Perception and Emotions in an Agent
    Architecture},
    author={Jones, Haza{\"e}l and Saunier, Julien and Lourdeaux, Domitile},
    booktitle={Proceedings of the 7th conference of the European Society for
    Fuzzy Logic and Technology (EUSFLAT-11)},
    editor={Galichet, Sylvie and Montero, Javier and Mauris, Gilles},
    series={Advances in Intelligent Systems Research},
    volume={17},
    pages={657--664},
    year={2011},
    publisher={Atlantis Press},
    address={Dordrecht, The Netherlands},
    doi={10.2991/eusflat.2011.34}
}

@inproceedings{gebhard2003adding,
    title={Adding the Emotional Dimension to Scripting Character Dialogues},
    author={Gebhard, Patrick and Kipp, Michael and Klesen, Martin and Rist,
    Thomas},
    booktitle={Intelligent Virtual Agents},
    editor={Rist, Thomas and Aylett, Ruth S. and Ballin, Daniel and Rickel,
    Jeff},
    series={Lecture Notes in Computer Science},
    volume={2792},
    pages={48--56},
    year={2003},
    publisher={Springer Berlin Heidelberg},
    address={Berlin, Heidelberg, Germany},
    doi={10.1007/978-3-540-39396-2_9}
}

@article{kipp2011designing,
    title={Designing Emotions: {A}n Empirical Approach to Realistic Affect
    Simulation},
    author={Kipp, Michael and Dackweiler, Thomas and Gebhard, Patrick},
    journal={KI---K{\"u}nstliche Intelligenz},
    volume={25},
    number={3},
    pages={205--211},
    month= may,
    year={2011},
    publisher={Springer},
    doi={10.1007/s13218-011-0110-2}
}

@article{kasap2009making,
    title={Making Them Remember---{E}motional Virtual Characters with Memory},
    author={Kasap, Zerrin and Moussa, Maher Ben and Chaudhuri, Parag and
    {Magnenat-Thalmann}, Nadia},
    journal={IEEE Computer Graphics and Applications},
    volume={29},
    number={2},
    pages={20--29},
    month= mar # "--" # apr,
    year={2009},
    doi={10.1109/MCG.2009.26}
}
publisher={IEEE Computer Society}

@misc{magnenat2000communicating,
    title={Communicating with Autonomous Virtual Humans presented at the
    \textit{17th TWENTE Workshop on Language Technology (TWLT 17)}},
    author={{Magnenat-Thalmann}, Nadia and Kshirsagar, Sumedha},
    booktitle={presented at the 17th TWENTE Workshop on Language Technology},
    series={TWLT 17},
    month= oct  # " 18--20,",
    year={2000},
    address={Enschede, The Netherlands},
    note={October 18--20, 2000, Enschede, The Netherlands}
}
pages={1--8},

@inproceedings{irfan2020dynamic,
    title={Dynamic Emotional Language Adaptation in Multiparty Interactions
    with Agents},
    author={Irfan, Bahar and Narayanan, Anika and Kennedy, James},
    booktitle={Proceedings of the 20th ACM International Conference on
    Intelligent Virtual Agents},
    series={IVA'20},
    articleno={27},
    numpages={8},
    month= oct  # " 20--22,",
    year={2020},
    publisher={October 20--22, 2020, Scotland, UK (Virtual Event). ACM},
    address = {New York, NY, USA},
    doi={10.1145/3383652.3423881}
}

@article{egges2004generic,
    title={Generic Personality and Emotion Simulation for Conversational
    Agents},
    author={Egges, Arjan and Kshirsagar, Sumedha and {Magnenat-Thalmann},
    Nadia},
    journal={Computer Animation and Virtual Worlds},
    editor={{Magnenat-Thalmann}, Nadia and Thalmann, Daniel},
    volume={15},
    number={1},
    pages={1--13},
    month= mar,
    year={2004},
    publisher={Wiley Online Library},
    doi={10.1002/cav.3}
}

@article{malfaz2004new,
    title={A New Architecture for Autonomous Robots Based on Emotions},
    author={Malfaz, Mar{\'\i}a and Salichs, Miguel A.},
    journal={IFAC Proceedings Volumes},
    volume={37},
    number={8},
    pages={805--809},
    month= jul,
    year={2004},
    publisher={Elsevier},
    doi={10.1016/S1474-6670(17)32079-7}
}

@incollection{ball2000emotion,
    title={Emotion and Personality in a Conversational Character},
    author={Ball, J. Eugene and Breese, Jack},
    booktitle={Embodied Conversational Agents},
    editor={Cassell, Justine and Sullivan, Joseph and Prevost, Scott and
    Churchill, Elizabeth F.},
    chapter={7},
    pages={189--219},
    year={2000},
    publisher={MIT Press},
    address={Cambridge, MA, USA},
    isbn={978-0-2622-7003-8},
    doi = {10.7551/mitpress/2697.003.0009},
}

@article{goodman1961snowball,
    title={Snowball Sampling},
    author={Goodman, Leo A.},
    journal={The Annals of Mathematical Statistics},
    volume={32},
    number={1},
    pages={148--170},
    month=mar,
    year={1961},
    publisher={Institute of Mathematical Statistics},
    url={https://www.jstor.org/stable/2237615}
}

 @inproceedings{velasquez1998robots,
    title={When Robots Weep: Emotional Memories and Decision-Making},
    author={Vel{\'a}squez, Juan David},
    booktitle={Proceedings of the 15th National Conference on Artificial
    Intelligence},
    series={AAAI-98},
    pages={70--75},
    month= jul # " 26--30,",
    year={1998},
    publisher={July 26--30, 1998, Madison, WI, USA. AAAI},
    address={Menlo Park, CA, USA},
    url={https://www.aaai.org/Papers/AAAI/1998/AAAI98-010.pdf}
}

@inproceedings{ushida1998emotion,
    title={Emotion Model for Life-Like Agent and Its Evaluation},
    author={Ushida, Hirohide and Hirayama, Yuji and Nakajima, Hiroshi},
    booktitle={Proceedings of the 15th National Conference on Artificial
    Intelligence},
    series={AAAI-98},
    pages={62--69},
    month= jul  # " 26--30,",
    year={1998},
    publisher={July 26--30, 1998, Madison, WI, USA. AAAI},
    address={Menlo Park, CA, USA},
    url={https://aaai.org/Papers/AAAI/1998/AAAI98-009.pdf}
}

@inproceedings{kshirsagar2002multilayer,
    title={A Multilayer Personality Model},
    author={Kshirsagar, Sumedha and Magnenat-Thalmann, Nadia},
    booktitle={Proceedings of the 2nd International Symposium on Smart
    Graphics},
    series={SMARTGRAPH'02},
    pages={107--115},
    month= jun  # " 11--13,",
    year={2002},
    publisher={June 11--13, 2002, Hawthorne, NY, USA. ACM},
    address={New York, NY, USA},
    doi={10.1145/569005.569021}
}

@phdthesis{duy2004creating,
    title={Creating Emotions and Facial Expressions for Embodied Agents},
    author={{Duy Bui}, The},
    year={2004},
    department={Department of Computer Science},
    address={Enschede, The Netherlands},
    school={Department of Computer Science, University of Twente},
    advisor={Antinus Nijholt and Dirk K. J. Heylen},
    url={https://research.utwente.nl/en/publications/creating-emotions-and-facial-expressions-for-embodied-agents}
}

@inproceedings{guoliang2006affective,
    title={Affective Computing Model Based on Emotional Psychology},
    author={Guoliang, Yang and Zhiliang, Wang and Guojiang, Wang and Fengjun,
    Chen},
    editor={Jiao, Licheng and Wang, Lipo and Gao, Xin-bo and Liu, Jing and Wu,
    Feng},
    booktitle={Advances in Natural Computation},
    series={Lecture Notes in Computer Science},
    volume={4221},
    pages={251--260},
    month= sep,
    year={2006},
    publisher={Springer Berlin Heidelberg},
    address={Berlin, Heidelberg, Germany},
    doi={10.1007/11881070_37}
}

@inproceedings{shvo2019interdependent,
    title={An Interdependent Model of Personality, Motivation, Emotion, and
    Mood for Intelligent Virtual Agents},
    author={Shvo, Maayan and Buhmann, Jakob and Kapadia, Mubbasir},
    booktitle={Proceedings of the 19th ACM International Conference on
    Intelligent Virtual Agents},
    series={IVA'19},
    pages={65--72},
    month= jul  # " 2--5,",
    year={2019},
    publisher={July 2--5, 2019, Paris, France. ACM},
    address={New York, NY, USA},
    doi={10.1145/3308532.3329474}
}

@article{castellanos2018computational,
    title={A Computational Model of Emotion Assessment Influenced by Cognition
    in Autonomous Agents},
    author={Castellanos, Sergio and Rodr{\'\i}guez, {Luis-Felipe} and Castro,
    Luis A. and Gutierrez-Garcia, J. Octavio},
    journal={Biologically Inspired Cognitive Architectures},
    volume={25},
    pages={26--36},
    month= aug,
    year={2018},
    publisher={Elsevier},
    doi={10.1016/j.bica.2018.07.007}
}

@techreport{tanguy2005dynamic,
    title={A Dynamic Emotion Representation Model Within a Facial Animation
    System},
    author={Tanguy, Emmanuel and Bryson, Joanna J. and Willis, Philip J.},
    year={2005},
    number={CSBU-2005-14},
    institution={Department of Computer Science, University of Bath, Bath, UK},
    url={https://purehost.bath.ac.uk/ws/files/493030/CSBU-2005-14.pdf}
}

@article{yanaru1997emotion,
    title={An Emotion Processing System Based on Fuzzy Inference and Subjective
    Observations},
    author={Yanaru, Torao and Shirahama, Naruki and Yoshida, Kaori and
    Nagamatsu, Masahiro},
    journal={Information Sciences},
    volume={101},
    number={3--4},
    pages={217--247},
    month = oct,
    year={1997},
    publisher={Elsevier},
    doi={10.1016/S0020-0255(97)00011-X}
}

@phdthesis{meuleman2015computational,
    title={Computational Modeling of Appraisal Theory of Emotion},
    author={Meuleman, Ben},
    year={2015},
    school={Faculty of Psychology and Education Sciences, University of Geneva},
    address={Geneva, Switzerland},
    advisor={Klaus Scherer, Olivier Renaud, and Agn{\`e}s Moors},
    doi={10.13097/archive-ouverte/unige:83638}
}

@inproceedings{el2004modelling,
    title={Modelling Character Emotion in an Interactive Virtual Environment},
    author={Mehdi, {El Jed} and Nico, Pallamin and Julie, Dugdale and Bernard,
    Pavard},
    booktitle={Proceedings of the AISB 2004 Symposium on Language, Speech \&
    Gesture for Expressive Characters},
    pages={20--28},
    month= mar # " 29--" # apr # " 1,",
    year={2004},
    publisher={March 29--April 1, 2004, Leeds, UK. AISB},
    address={http://www.aisb.org.uk/},
    isbn={1-902956-39-0},
    note={ISBN 1-902956-39-0}
}

@article{korecko2016jadex,
    title={{Jadex/JBdiEmo} Emotional Agents in Games with Purpose: A
    Feasibility Demonstration},
    author={Kore{\v{c}}ko, {\v{S}}tefan and Sobota, Branislav and Zemianek,
    Peter},
    journal={Simulation Notes Europe},
    volume={26},
    number={4},
    pages={195--204},
    month= dec,
    year={2016},
    doi={10.11128/sne.26.tn.10351}
}

@incollection{zhang2016modeling,
    title={Modeling Personality, Mood, and Emotions},
    author={Zhang, Juzheng and Zheng, Jianmin and Magnenat-Thalmann, Nadia},
    editor={Magnenat-Thalmann, Nadia and Yuan, Junsong and Thalmann, Daniel and
    You, Bum-Jae},
    booktitle={Context Aware Human-Robot and Human-Agent Interaction},
    series={Human–Computer Interaction Series},
    pages={211--236},
    chapter={10},
    year={2016},
    publisher={Springer International Publishing},
    address={Cham, Switzerland},
    doi={10.1007/978-3-319-19947-4_10}
}

@inproceedings{yacoubi2018teatime,
    title={{TEATIME}: A Formal Model of Action Tendencies in Conversational
    Agents},
    author={Yacoubi, Alya and Sabouret, Nicolas},
    booktitle={Proceedings of the 10th International Conference on Agents and
    Artificial Intelligence},
    series={ICAART 2018},
    volume={1},
    pages={143--153},
    month= jan # " 16--18,",
    year={2018},
    publisher={January 16--18, 2018, Madeira, Portugal. SciTePress},
    address={Set{\'u}bal, Portugal},
    doi={10.5220/0006595701430153},
}

@inproceedings{van2010simulating,
    title={Simulating Emotional Personality in Human Computer Interfaces},
    author={{van der Heide}, Albert and Trivino, Gracian},
    booktitle={Proceedings of the 2010 IEEE International Conference on Fuzzy
    Systems},
    series={FUZZ-IEEE},
    articleno={F-0303},
    numpages={7},
    month= jul  # " 18--23,",
    year={2010},
    publisher={July 18--23, 2010, Barcelona, Spain. IEEE},
    address={New York, NY, USA},
    doi={10.1109/FUZZY.2010.5583943}
}

@article{kim2010computational,
    title={Computational Model of Emotion Generation for Human-Robot
    Interaction Based on the Cognitive Appraisal Theory},
    author={Kim, Hyoung-Rock and Kwon, Dong-Soo},
    journal={Journal of Intelligent and Robotic Systems},
    volume={60},
    number={2},
    pages={263--283},
    month= apr,
    year={2010},
    publisher={Springer},
    doi={10.1007/s10846-010-9418-7}
}

@article{masuyama2018personality,
    title={Personality Affected Robotic Emotional Model with Associative Memory
    for Human-Robot Interaction},
    author={Masuyama, Naoki and Loo, Chu Kiong and Seera, Manjeevan},
    journal={Neurocomputing},
    volume={272},
    pages={213--225},
    month= jan,
    year={2018},
    publisher={Elsevier},
    doi={10.1016/j.neucom.2017.06.069}
}

@article{masuyama2017application,
    title={Application of Emotion Affected Associative Memory Based on Mood
    Congruency Effects for a Humanoid},
    author={Masuyama, Naoki and Islam, Md. Nazrul and Seera, Manjeevan and Loo,
    Chu Kiong},
    journal={Neural Computing and Applications},
    volume={28},
    number={4},
    pages={737--752},
    month= apr,
    year={2017},
    publisher={Springer},
    doi={10.1007/s00521-015-2102-x}
}

@article{han2012robotic,
    title={Robotic Emotional Expression Generation Based on Mood Transition and
    Personality Model},
    author={Han, Meng-Ju and Lin, Chia-How and Song, Kai-Tai},
    journal={IEEE Transactions on Cybernetics},
    volume={43},
    number={4},
    pages={1290--1303},
    month= aug,
    year={2013},
    publisher={IEEE},
    doi={10.1109/TSMCB.2012.2228851}
}

@inproceedings{park2009robot,
    title={Robot's Individual Emotion Generation Model and Action Coloring
    According to the Robot's Personality},
    author={Park, Jong-Chan and Kim, Hyoung-Rock and Kim, Young-Min and Kwon,
    Dong-Soo},
    booktitle={Proceedings of the 18th IEEE International Symposium on Robot
    and Human Interactive Communications},
    series={RO-MAN 2009},
    pages={257--262},
    month= sep # "27--" # oct # " 2,",
    year={2009},
    publisher={September 27--October 2, 2009, Toyama, Japan. IEEE},
    address={New York, NY, USA},
    doi={10.1109/ROMAN.2009.5326128}
}

@inproceedings{kim2006steward,
    title={Steward Robot: Emotional Agent for Subtle Human-Robot Interaction},
    author={Kim, Young-Min and Lee, Hyong-Euk and Park, Kwang-Hyun and Bien, Z.
    Zenn},
    booktitle={Proceedings of the 15th IEEE International Symposium on Robot
    and Human Interactive Communications},
    series={RO-MAN 2006},
    pages={263--268},
    month = sep # " 6--8,",
    year={2006},
    publisher={September 6--8, 2006, Hatfield, UK. IEEE},
    address={New York, NY, USA},
    doi={10.1109/ROMAN.2006.314428}
}

@inproceedings{kim2007behavior,
    title={Behavior Coordination of Socially Interactive Robot Using Sentiment
    Relation Model},
    author={Kim, Young-Min and Park, Jong-Chan and Kwon, Dong-Soo},
    booktitle={Proceedings of the 16th IEEE International Symposium on Robot
    and Human Interactive Communications},
    series={RO-MAN 2007},
    pages={1034--1039},
    month= aug  # " 26--29,",
    year={2007},
    publisher={August 26--29, 2007, Jeju, Korea (South). IEEE},
    address={New York, NY, USA},
    doi={10.1109/ROMAN.2007.4415234}
}

@article{kirby2010affective,
    title={Affective Social Robots},
    author={Kirby, Rachel and Forlizzi, Jodi and Simmons, Reid},
    journal={Robotics and Autonomous Systems},
    volume={58},
    number={3},
    pages={322--332},
    month= mar,
    year={2010},
    publisher={Elsevier},
    doi={10.1016/j.robot.2009.09.015}
}

@inproceedings{bruce2002role,
    title={The Role of Expressiveness and Attention in Human-Robot Interaction},
    author={Bruce, Allison and Nourbakhsh, Illah and Simmons, Reid},
    booktitle={Proceedings of the 2002 IEEE International Conference on
    Robotics and Automation},
    series={ICRA'02},
    volume={4},
    pages={4138--4142},
    month= may # " 11--15,",
    year={2002},
    publisher={May 11--15, 2002, Washington, DC, USA. IEEE},
    address={New York, NY, USA},
    doi={10.1109/robot.2002.1014396}
}

@article{moshkina2011tame,
    title={{TAME}: {T}ime-Varying Affective Response for Humanoid Robots},
    author={Moshkina, Lilia and Park, Sunghyun and Arkin, Ronald C. and Lee,
    Jamee K. and Jung, HyunRyong},
    journal={International Journal of Social Robotics},
    volume={3},
    number={3},
    pages={207--221},
    month= feb,
    year={2011},
    publisher={Springer},
    doi={10.1007/s12369-011-0090-2}
}

@article{steephen2013hed,
    title={{HED: A} Computational Model of Affective Adaptation and Emotion
    Dynamics},
    author={Steephen, John E.},
    journal={IEEE Transactions on Affective Computing},
    volume={4},
    number={2},
    pages={197--210},
    month = apr # "--" # jun,
    year={2013},
    publisher={IEEE},
    doi={10.1109/T-AFFC.2013.2}
}

@article{katsimerou2015predicting,
    title={Predicting Mood from Punctual Emotion Annotations on Videos},
    author={Katsimerou, C. and Heynderickx, I. and Redi, J.A.},
    journal={IEEE Transactions on Affective Computing},
    volume={6},
    number={2},
    pages={179--192},
    month = apr # "--" # jun,
    year={2015},
    publisher={IEEE},
    doi={10.1109/TAFFC.2015.2397454}
}

@misc{bartneck2002integrating,
    title={Integrating the {OCC} Model of Emotions in Embodied Characters in
    \textit{Proceedings of the Workshop on Virtual Conversational Characters
    (VCC): Applications, Methods, and Research Challenges}},
    author={Bartneck, Christoph},
    year={2002},
    note={November 29, 2002. Held in conjunction with the 1st Joint Conferences
    of the Ergonomics Society of Australia (ESA) and the Computer Human
    Interaction Special Interest Group (CHISIG) (HF2002 and OZCHI2002),
    November 25--27, 2002, Melbourne, Australia.
    \url{https://www.bartneck.de/publications/2002/integratingTheOCCModel/bartneckHF2002.pdf}},
}

@inproceedings{nallaperuma2011eme,
    title={{EME}: {An Emergent Model of Emotions}},
    author={Nallaperuma, S. N. and Karunananda, A. S.},
    booktitle={Proceedings of the 2011 International Conference on Advances in
    ICT for Emerging Regions},
    series={ICTer},
    pages={19--25},
    month= sep  # " 1--2,",
    year={2011},
    publisher={September 1--2, 2011, Colombo, Sri Lanka. IEEE},
    address={New York, NY, USA},
    doi={10.1109/ICTer.2011.6075021}
}

@article{bai2021enhancing,
    title={Enhancing Emotional Experience by Building Emotional Virtual
    Characters in VR Volleyball Games},
    author={Bai, Zechen and Yao, Naiming and Mishra, Nidhi and Chen, Hui and
    Wang, Hongan and {Magnenat-Thalmann}, Nadia},
    journal={Computer Animation and Virtual Worlds},
    volume={32},
    number={3--4},
    articleno={e2008},
    numpages={11},
    month= jun # "--" # jul,
    year={2021},
    publisher={Wiley Online Library},
    doi={10.1002/cav.2008}
}

@incollection{torre2011facial,
    title={Facial Expression Analysis},
    author={{De la Torre}, Fernando and Cohn, Jeffery F.},
    editor={Moeslund, Thomas B. and Hilton, Adrian and Krüger, Volker and
    Sigal, Leonid},
    booktitle={Visual Analysis of Humans: Looking at People},
    pages={377--409},
    chapter={19},
    year={2011},
    publisher={Springer},
    address={London},
    doi={10.1007/978-0-85729-997-0_19}
}

@article{durupinar2016psychological,
    title={Psychological Parameters for Crowd Simulation: {F}rom Audiences to
    Mobs},
    author={Durupınar, Funda and Güdükbay, Uğur and Aman, Aytek and Badler,
    Norman I.},
    journal={IEEE Transactions on Visualization and Computer Graphics},
    volume={22},
    number={9},
    pages={2145--2159},
    month=sep,
    year={2016},
    doi={10.1109/TVCG.2015.2501801}
}

@phdthesis{adam2007emotions,
    title={Emotions: From Psychological Theories to Logical Formalization and
    Implementation in a BDI Agent},
    author={Adam, Carole},
    year={2007},
    school={Institut de Recherche en Informatique de Toulouse, Institut
    National Polytechnique de Toulouse},
    address={Toulouse, France},
    advisor={Andreas Herzig},
    url={http://ethesis.inp-toulouse.fr/archive/00000513/}
}

@inproceedings{grignard2013gama,
    title={{GAMA 1.6}: {A}dvancing the Art of Complex Agent-Based Modeling and
    Simulation},
    author={Grignard, Arnaud and Taillandier, Patrick and Gaudou, Benoit and
    Vo, Duc An and Huynh, Nghi Quang and Drogoul, Alexis},
    booktitle={PRIMA 2013: Principles and Practice of Multi-Agent Systems},
    editor={Boella, Guido and Elkind, Edith and Savarimuthu, Bastin Tony Roy
    and Dignum, Frank and Purvis, Martin K.},
    pages={117--131},
    series={Lecture Notes in Computer Science},
    volume={8291},
    month= may,
    year={2013},
    publisher={Springer-Verlag},
    address={Berlin, Germany},
    doi={10.1007/978-3-642-44927-7_9}
}

@inproceedings{luo2010modeling,
    title={Modeling Human-Like Decision Making for Virtual Agents in
    Time-Critical Situations},
    author={Luo, Linbo and Zhou, Suiping and Cai, Wentong and Lees, Michael and
    Low, Malcolm Yoke Hean},
    booktitle={2010 International Conference on Cyberworlds},
    pages={360--367},
    month=oct # " 20--22,",
    year={2010},
    publisher={October 20--22, 2010, Singapore. IEEE},
    address={New York, NY, USA},
    doi={10.1109/CW.2010.61},
}

@inproceedings{gratch1999you,
    title={Why you should buy an emotional planner},
    author={Gratch, Jonathan},
    booktitle={Proceedings of the Autonomous Agents 1999 Workshop on
    Emotion-based Agent Architectures (EBAA'99)},
    month=may # " 1,",
    pages={99--465},
    year={1999},
    publisher={May 1, 1999, Seattle, WA, USA. ACM},
    address={New York, NY, USA},
    url =
    {http://ict.usc.edu/pubs/Why%20You%20Should%20Buy%20an%20Emotional%20Planner.pdf},
}

@inproceedings{shirvani2017possible,
    title={A possible worlds model of belief for state-space narrative
    planning},
    author={Shirvani, Alireza and Ware, Stephen G. and Farrell, Rachelyn},
    booktitle={Proceedings of the 13th AAAI Artificial Intelligence and
    Interactive Digital Entertainment Conference (AIIDE-17)},
    pages={101--107},
    month=oct # " 5--9,",
    year={2017},
    publisher={October 5--9, 2017, Snowbird Ski Resort, UT, USA. AAAI},
    address={Menlo Park, CA, USA},
    doi={10.1609/aiide.v13i1.12928 }
}

@inproceedings{shirvani2020formalization,
    title={A Formalization of Emotional Planning for Strong-Story Systems},
    author={Shirvani, Alireza and Ware, Stephen G.},
    booktitle={Proceedings of the 16th AAAI Artificial Intelligence and
    Interactive Digital Entertainment Conference (AIIDE-20)},
    volume={16},
    pages={116--122},
    month=oct # " 19--23,",
    year={2020},
    publisher={October 19--23, 2020, Virtual. AAAI},
    address={Menlo Park, CA, USA},
    doi={10.1609/aiide.v16i1.7419 }
}

@incollection{klinkert2021artificial,
    title={Artificial Psychosocial Framework for Affective Non-player
    Characters},
    author={Klinkert, Lawrence J. and Clark, Corey},
    editor={Arabnia, Hamid R. and Ferens, Ken and de la Fuente, David and
    Kozerenko, Elena B. and Olivas Varela, José Angel and Tinetti, Fernando G.},
    booktitle={Advances in Artificial Intelligence and Applied Cognitive
    Computing},
    series={Transactions on Computational Science and Computational
    Intelligence},
    pages={695--714},
    year={2021},
    publisher={Springer International},
    address={Cham, Switzerland},
    doi={10.1007/978-3-030-70296-0_50}
}

@inproceedings{zoumpoulaki2010multi,
    title={A Multi-agent Simulation Framework for Emergency Evacuations
    Incorporating Personality and Emotions},
    author={Zoumpoulaki, Alexia and Avradinis, Nikos and Vosinakis, Spyros},
    booktitle={Proceedings of the 6th Hellenic Conference on Artificial
    Intelligence (SETN 2010)},
    editor={Konstantopoulos, Stasinos and Perantonis, Stavros and  Karkaletsis,
    Vangelis and Spyropoulos, Constantine D. and Vouros, George},
    pages={423--428},
    series={Lecture Notes in Computer Science},
    volume={6040},
    month= may,
    year={2010},
    publisher={Springer-Verlag},
    address={Berlin, Germany},
    doi={10.1007/978-3-642-12842-4_54}
}

@inproceedings{bourgais2017enhancing,
    title={Enhancing the Behavior of Agents in Social Simulations with Emotions
    and Social Relations},
    author={Bourgais, Mathieu and Taillandier, Patrick and Vercouter, Laurent},
    booktitle={Proceedings of the International Workshop on Multi-Agent Based
    Simulation XVIII (MABS 2017)},
    editor={Pereira Dimuro, Graçaliz and Antunes, Luis},
    pages={89--104},
    series={Lecture Notes in Computer Science},
    volume={10798},
    month= may,
    year={2017},
    publisher={Springer International},
    address={Cham, Switzerland},
    doi={10.1007/978-3-319-91587-6_7}
}

@article{alepis2011automatic,
    title={Automatic generation of emotions in tutoring agents for affective
    e-learning in medical education},
    author={Alepis, Efthymios and Virvou, Maria},
    journal={Expert Systems with Applications},
    volume={38},
    number={8},
    pages={9840--9847},
    month=aug,
    year={2011},
    publisher={Elsevier},
    doi={10.1016/j.eswa.2011.02.021}
}

@article{y2007employing,
    title={Employing emotions to drive plot generation in a computer-based
    storyteller},
    author={y P{\'e}rez, Rafael P{\'e}rez},
    journal={Cognitive Systems Research},
    volume={8},
    number={2},
    pages={89--109},
    month=jun,
    year={2007},
    publisher={Elsevier},
    doi={10.1016/j.cogsys.2006.10.001}
}

@article{laureano2012design,
    title={Design and implementation of an educational virtual pet using the
    {OCC} theory},
    author={Laureano-Cruces, Ana Lilia and Rodriguez-Garcia, Arturo},
    journal={Journal of Ambient Intelligence and Humanized Computing},
    volume={3},
    number={1},
    pages={61--71},
    month=oct,
    year={2012},
    publisher={Springer},
    doi={10.1007/s12652-011-0089-4}
}

@techreport{wilson2000artificial,
    title={The Artificial Emotion Engine {\texttrademark}, Driving Emotional
    Behavior},
    author={Wilson, Ian},
    url={https://www.aaai.org/Papers/Symposia/Spring/2000/SS-00-02/SS00-02-015.pdf},
    numpages={5},
    number={SS-00-02-015},
    month=mar,
    year={2000},
    institution={AAAI Press},
    address={Menlo Park, CA, USA},
    howpublished={In \textit{AAAI Spring Symposium on Artificial Intelligence
    and Interactive Entertainment}, Wolff Dobson (Chair). Technical Report
    SS-00-02-015. March 1, 2000, Palo Alto, CA, USA. AAAI Press, Menlo Park,
    CA, USA, 76--80}
}

@article{kazemifard2011design,
    title={Design and implementation of {GEmA}: {A} generic emotional agent},
    author={Kazemifard, Mohammad and Ghasem-Aghaee, Nasser and {\"O}ren, Tuncer
    I.},
    journal={Expert Systems with Applications},
    volume={38},
    number={3},
    pages={2640--2652},
    month=mar,
    year={2011},
    publisher={Elsevier},
    doi={10.1016/j.eswa.2010.08.054}
}

@inproceedings{aydt2011computational,
    title={A Computational Model of Emotions for Agent-Based Crowds in Serious
    Games},
    author={Aydt, Heiko and Lees, Michael and Luo, Linbo and Cai, Wentong and
    Low, Malcolm Yoke Hean and Kadirvelen, Sornum Kabilen},
    booktitle={2011 IEEE/WIC/ACM International Conferences on Web Intelligence
    and Intelligent Agent Technology (WI-IAT 2011 Workshops)},
    volume={2},
    pages={72--80},
    month=aug # " 22--27,",
    year={2011},
    publisher={August 22--27, 2011, Lyon, France. IEEE},
    address={New York, NY, USA},
    doi={10.1109/WI-IAT.2011.154}
}

@inproceedings{lhommet2011never,
    title={Never Alone in the Crowd: {A} Microscopic Crowd Model Based on
    Emotional Contagion},
    author={Lhommet, Margaux and Lourdeaux, Domitile and Barth{\`e}s,
    Jean-Paul},
    booktitle={2011 IEEE/WIC/ACM International Conferences on Web Intelligence
    and Intelligent Agent Technology (WI-IAT 2011 Workshops)},
    volume={2},
    pages={89--92},
    month=aug # " 22--27,",
    year={2011},
    publisher={August 22--27, 2011, Lyon, France. IEEE},
    address={New York, NY, USA},
    doi={10.1109/WI-IAT.2011.149}
}

@inproceedings{isbister2006sensual,
    title = {The Sensual Evaluation Instrument: {D}eveloping an Affective
    Evaluation Tool},
    author = {Isbister, Katherine and H\"{o}\"{o}k, Kristina and Sharp, Michael
    and Laaksolahti, Jarmo},
    booktitle = {Proceedings of the SIGCHI Conference on Human Factors in
    Computing Systems},
    series = {CHI'06},
    pages = {1163--1172},
    month=apr # "22--27,",
    year = {2006},
    publisher = {April 22--27, 2006, Montr\'{e}al, QC, Canada. ACM},
    address = {New York, NY, USA},
    doi = {10.1145/1124772.1124946},
}

@article{pantic2003toward,
    title={Toward an affect-sensitive multimodal human-computer interaction},
    author={Pantic, Maja and Rothkrantz, Leon J. M.},
    journal={Proceedings of the IEEE},
    volume={91},
    number={9},
    pages={1370--1390},
    month=sep,
    year={2003},
    doi={10.1109/JPROC.2003.817122}
}

@article{kuo2017from,
    title = {From Super Mario to Skyrim: A framework for the evolution of video
    game consumption},
    author = {Kuo, Andrew and Hiler, Jacob L. and Lutz, Richard J.},
    journal = {Journal of Consumer Behaviour},
    volume = {16},
    number = {2},
    pages = {101--120},
    month=mar,
    year = {2017},
    doi = {https://doi.org/10.1002/cb.1620},
}