@mastersthesis{glados,
    author = {Smith, Geneva M.},
    title = {{GLaDOS: Integrating Emotion-Based Behaviours into Non-Player
    Characters in Computer Role-Playing Games}},
    advisor={Jacques Carette},
    school = {Computing and Software, McMaster University},
    department={Computing and Software},
    address= {Hamilton, ON, Canada},
    month = apr,
    year = {2017},
    url = {http://hdl.handle.net/11375/21369},
    urldate = {September 15, 2017},
}

@article{smith2019design,
    author = {Smith, Geneva and Carette, Jacques},
    title = {Design Foundations for Emotional Game Characters},
    journal = {Eludamos: Journal for Computer Game Culture},
    volume = {10},
    number = {1},
    year = {2019},
    pages={109--140},
    url={https://www.eludamos.org/index.php/eludamos/article/view/vol10no1-8/10-1-8}
}

@article{smith2021what,
    author={Smith, Geneva M. and Carette, Jacques},
    title={What Lies Beneath---{A} Survey of Affective Theory Use in
    Computational Models of Emotion},
    journal={IEEE Transactions on Affective Computing},
    volume={Early Access},
    number={},
    pages={1--20},
    month=aug,
    year={2022},
    note={\textcopyright{} 2022 IEEE. Reprinted, with permission},
    doi={10.1109/TAFFC.2022.3197456}
}

@article{smith2021whatNoCR,
    author={Smith, Geneva M. and Carette, Jacques},
    title={What Lies Beneath---{A} Survey of Affective Theory Use in
    Computational Models of Emotion},
    journal={IEEE Transactions on Affective Computing},
    volume={Early Access},
    number={},
    pages={1--20},
    month=aug,
    year={2022},
    doi={10.1109/TAFFC.2022.3197456}
}

@misc{emojine,
    title={EMgine: Improving Video Game Character Believability with Emotion},
    author={Smith, Geneva M.},
    year={2022},
    note={Ph.D. Dissertation (In preparation)}
}