@misc{frozen,
    title = {{\textit{Frozen}}},
    year = {2013},
    author = {Buck, Chris and Lee, Jennifer},
    howpublished = {[Blu-ray]},
    note={Walt Disney Pictures and Walt Disney Animation Studios, Burbank, CA,
    USA},
}
{{\relax Del Vecho, P. (Producer)} and }

@misc{tangled,
    title = {{\textit{Tangled}}},
    year = {2010},
    author = {Walt Disney Pictures and Walt Disney Animation Studios},
    howpublished = {[Film]. (November 24, 2010)},
    note={Walt Disney Studios Films, Burbank, CA, USA},
}
{{\relax Conli, R. (Producer)} and {\relax Greno, N. (Director)} and {\relax
Howard, B. (Director)}}

@misc{princessandthefrog,
    title = {{\textit{The Princess And The Frog}}},
    year = {2009},
    author = {Clements, Ron and Musker, John},
    howpublished = {[Blu-ray]},
    note={Walt Disney Pictures and Walt Disney Animation Studios, CA, USA},
}
{{\relax Del Vecho, P. (Producer)} and {\relax Lasseter, J. (Producer)} and
{\relax Clements, R. (Director)} and {\relax Musker, J. (Director)}}

@misc{beautyandthebeast,
    title = {{\textit{Beauty And The Beast}}},
    year = {1991},
    author = {Trousdale, Gary and Wise, Kirk},
    howpublished = {[Blu-ray]},
    note={Walt Disney Pictures, Walt Disney Feature Animation, and Silver
    Screen Partners IV, CA, USA},
}
{{\relax Hahn, D. (Producer)} and }

@misc{lionking,
    title = {{\textit{The Lion King}}},
    year = {1994},
    author = {Walt Disney Pictures and Walt Disney Feature Animation},
    howpublished = {[Film]. (June 24, 1994)},
    note={Buena Vista Pictures, Burbank, CA, USA},
}
{{\relax Hahn, D. (Producer)} and {\relax Allers, R. (Director)} and {\relax
Minkoff, R. (Director)}}

@misc{aladdin,
    title = {{\textit{Aladdin}}},
    year = {1992},
    author = {Clements, Ron and Musker, John},
    howpublished = {[Blu-ray]},
    note={Walt Disney Pictures and Walt Disney Feature Animation, Burbank, CA,
    USA},
}
{{\relax Clements, R. (Producer)} and {\relax Musker, J. (Producer)} and
{\relax Clements, R. (Director)} and {\relax Musker, J. (Director)}}

@misc{littlemermaid,
    title = {{\textit{The Little Mermaid}}},
    author = {Clements, Ron and Musker, John},
    year = {1989},
    howpublished = {[Blu-ray]},
    note={Walt Disney Feature Animation, Burbank, CA, USA},
}
{{Walt Disney Pictures} and {} and {Silver Screen
    Partners IV}},
{{\relax Musker, J. (Producer)} and {\relax Ashman, H. (Producer)}}
. (November 17, 1989)

@misc{alice,
    title = {{\textit{Alice in Wonderland}}},
    author = {Geronimi, Clyde and Jackson, Wilfred and Luske, Hamilton},
    year = {1951},
    howpublished = {[Blu-ray]},
    note={Walt Disney Productions, Burbank, CA, USA},
}

@misc{hercules,
    title = {{\textit{Hercules}}},
    author = {Clements, Ron and Musker, John},
    year = {1997},
    howpublished = {[Blu-ray]},
    note={Walt Disney Pictures and Walt Disney Feature Animation, Burbank, CA,
    USA},
}

@misc{mulan,
    title = {{\textit{Mulan}}},
    year = {1998},
    author = {Cook, Barry and Bancroft, Tony},
    howpublished = {[Blu-ray]},
    note={Walt Disney Pictures and Walt Disney Feature Animation, Burbank, CA,
    USA},
}
{{\relax Coats, P. (Producer)} and }

@misc{emperorsnewgroove,
    title = {{\textit{The Emperor's New Groove}}},
    year = {2000},
    author = {Dindal, Mark},
    howpublished = {[Blu-ray]},
    note={Walt Disney Pictures and Walt Disney Feature Animation, Burbank, CA,
    USA},
}
{{\relax Fullmer, R. (Producer)} and }

@misc{nimh,
    title = {{\textit{The Secret Of NIMH}}},
    year = {1982},
    author = {Bluth, Don},
    howpublished = {[Blu-ray]},
    note={United Artists, Aurora Productions, and Don Bluth Productions, CA,
    USA},
}
{{\relax Don Bluth (Producer)} and {\relax Goldman, G. (Producer)} and {\relax
Pomeroy, J. (Producer)} and }

. (July 16, 1982)

@misc{insideout,
    title = {{\textit{Inside Out}}},
    year = {2015},
    author = {Disney and {Pixar Animation Studios}},
    howpublished = {[Film]. (June 19, 2015)},
    note={Walt Disney Studios Films, Burbank, CA, USA},
}
{{\relax Rivera, J. (Producer)} and {\relax Docter, P. (Director)}}

@misc{insideout_ekman,
    title={Dr. Ekman's Work},
    author={{Paul Ekman Group}},
    year={2021},
    url={https://www.paulekman.com/about/paul-ekman/},
    lastaccessed={January 10, 2022}
}

@misc{lietome,
    title = {{\textit{Lie To Me}}},
    year = {2009--2011},
    author = {{Imagine Television} and {Samuel Baum Productions} and
    {MiddKid Productions} and {20th Century Fox Television}},
    howpublished = {[TV Series, 48 Episodes]. (January 21, 2009--January 31,
    2011)},
    note={20th Century Fox Television, Los Angeles, CA, USA},
}

@misc{snowwhite,
    title = {{\textit{Snow White And The Seven Dwarfs}}},
    year = {1937},
    author = {Hand, David and Cottrell, William and Jackson, Wilfred and Morey,
    Larry and Pearce, Perce and Sharpsteen, Ben},
    howpublished = {[Blu-ray]},
    note={Walt Disney Productions, Burbank, CA, USA},
}
{{\relax Disney, W. (Producer)} and }
 and Walt Disney Animation Studios, . (December 21, 1937)

@misc{toystory,
    title = {{\textit{Toy Story}}},
    year = {1995},
    author = {Walt Disney Pictures and Pixar Animation Studios},
    howpublished = {[Film]. (November 22, 1995)},
    note={Buena Vista Pictures Distribution, Burbank, CA, USA},
}
{{\relax Guggenheim, R. (Producer)} and {\relax Arnold, B. (Producer)} and
{\relax Lasseter, J. (Director)}}

@misc{toystory2,
    title = {{\textit{Toy Story 2}}},
    year = {1999},
    author = {Walt Disney Pictures and Pixar Animation Studios},
    howpublished = {[Film]. (November 24, 1999)},
    note={Buena Vista Pictures Distribution, Burbank, CA, USA},
}
{{\relax Plotkin, H. (Producer)} and {\relax Jackson, K. R. (Producer)} and
{\relax Lasseter, J. (Director)}}

@misc{ratatouille,
    title = {{\textit{Ratatouille}}},
    year = {2007},
    author = {Walt Disney Pictures and Pixar Animation Studios},
    howpublished = {[Film]. (June 29, 2007)},
    note={Buena Vista Pictures Distribution, Burbank, CA, USA},
}
{{\relax Lewis, B. (Producer)} and {\relax Bird, B. (Director)}}

@misc{bugslife,
    title = {{\textit{A Bug's Life}}},
    year = {1998},
    author = {Walt Disney Pictures and Pixar Animation Studios},
    howpublished = {[Film]. (November 20, 1998)},
    note={Buena Vista Pictures Distribution, Burbank, CA, USA},
}
{{\relax Anderson, D. K. (Producer)} and {\relax Reher, K. (Producer)} and
{\relax Lasseter, J. (Director)}}

@misc{up,
    title = {{\textit{Up}}},
    year = {2009},
    author = {Walt Disney Pictures and Pixar Animation Studios},
    howpublished = {[Film]. (May 29, 2009)},
    note={Walt Disney Studios Films, Burbank, CA, USA},
}
{{\relax Rivera, J. (Producer)} and {\relax Docter, P. (Director)}}

@misc{findingnemo,
    title = {{\textit{Finding Nemo}}},
    year = {2003},
    author = {Walt Disney Pictures and Pixar Animation Studios},
    howpublished = {[Film]. (May 30, 2003)},
    note={Buena Vista Pictures Distribution, Burbank, CA, USA},
}
{{\relax Walters, G. (Producer)} and {\relax Stanton, A. (Director)}}

@misc{theincredibles2,
    title = {{\textit{The Incredibles 2}}},
    year = {2018},
    author = {Bird, Brad},
    howpublished = {[Blu-ray]},
    note={Walt Disney Pictures and Pixar Animation Studios, CA, USA},
}
{{\relax Walker, J. (Producer)} and {\relax Grindle, N. P. (Producer)} and
}

@misc{monstersinc,
    title = {{\textit{Monsters, Inc.}}},
    year = {2001},
    author = {Walt Disney Pictures and Pixar Animation Studios},
    howpublished = {[Film]. (November 2, 2001)},
    note={Buena Vista Pictures Distribution, Burbank, CA, USA},
}
{{\relax Anderson, D. K. (Producer)} and {\relax Docter, P. (Director)}}

@misc{pinocchio,
    title = {{\textit{Pinocchio}}},
    year = {1940},
    author = {Walt Disney Productions and Walt Disney Animation Studios},
    howpublished = {[Film]. (February 23, 1940)},
    note={RKO Radio Pictures, New York, NY, USA},
}
{{\relax Disney, W. (Producer)} and {\relax Sharpsteen, B. (Director)} and
{\relax Luske, H. (Director)} and {\relax Roberts, B. (Director)} and {\relax
Ferguson, N. (Director)} and {\relax Kinney, J. (Director)} and {\relax
Jackson, W. (Director)} and {\relax Hee, T. (Director)}}

@misc{bambi,
    title = {{\textit{Bambi}}},
    year = {1942},
    author = {Walt Disney and Walt Disney Animation Studios},
    howpublished = {[Film]. (August 21, 1942)},
    note={RKO Radio Pictures, New York, NY, USA},
}
{{\relax Disney, W. (Producer)} and {\relax Hand, D. (Director)} and {\relax
Algar, J. (Director)} and {\relax Armstrong, S. (Director)} and {\relax Heid,
G. (Director)} and {\relax Roberts, B. (Director)} and {\relax Satterfield, P.
(Director)} and {\relax Wright, N. (Director)}}

@misc{101dalmations,
    title = {{\textit{One Hundred And One Dalmatians}}},
    year = {1961},
    author = {Walt Disney Productions and Walt Disney Animation Studios},
    howpublished = {[Film]. (January 25, 1961)},
    note={Buena Vista Pictures Distribution, Burbank, CA, USA},
}
{{\relax Disney, W. (Producer)} and {\relax Reitherman, W. (Director)} and
{\relax Luske, H. (Director)} and {\relax Geronimi, C. (Director)}}

@misc{nightmarebeforechristmas,
    title = {{\textit{Tim Burton's The Nightmare Before Christmas}}},
    year = {1993},
    author = {Touchstone Pictures and Skellington Productions},
    howpublished = {[Film]. (October 29, 1993)},
    note={Buena Vista Pictures Distribution, Burbank, CA, USA},
}
{{\relax Burton, T. (Producer)} and {\relax Di Novi, D. (Producer)} and {\relax
Selick, H. (Director)}}

@misc{moana,
    title = {{\textit{Moana}}},
    year = {2016},
    author = {Walt Disney Pictures and Walt Disney Animation Studios},
    howpublished = {[Film]. (November 23, 2016)},
    note={Walt Disney Studios Films, Burbank, CA, USA},
}
{{\relax Shurer, O. (Producer)} and {\relax Clements, R. (Director)} and
{\relax Musker, J. (Director)}}

@misc{howtotrainyourdragon,
    title = {{\textit{How To Train Your Dragon}}},
    year = {2010},
    author = {DreamWorks Animation},
    howpublished = {[Film]. (March 26, 2010)},
    note={Paramount Pictures, Hollywood, CA, USA},
}
{{\relax Arnold, B. (Producer)} and {\relax Sanders, C. (Producer)} and {\relax
DeBlois, D. (Director)}}

@misc{howtotrainyourdragon2,
    title = {{\textit{How To Train Your Dragon 2}}},
    year = {2014},
    author={DreamWorks Animation and Mad Hatter Entertainment},
    howpublished = {[Film]. (June 13, 2014)},
    note={20th Century Fox, Los Angeles, CA, USA},
}
author = {{\relax Arnold, B. (Producer)} and {\relax DeBlois, D. (Director)}}

@misc{irongiant,
    title = {{\textit{The Iron Giant}}},
    year = {1999},
    author={Warner Bros. Feature Animation},
    howpublished = {[Film]. (August 6, 1999)},
    note={Warner Bros. Pictures, Burbank, CA, USA},
}
author = {{\relax Abbate, A. (Producer)} and {\relax McAnuff, D. (Producer)}
and {\relax Bird, B. (Director)}}

@misc{coco,
    title = {{\textit{Coco}}},
    year = {2017},
    author={Disney and Pixar Animation Studios},
    howpublished = {[Film]. (November 22, 2017)},
    note={Walt Disney Studios Films, Burbank, CA, USA},
}
author = {{\relax Anderson, D. K. (Producer)} and {\relax Unkrich, L.
(Director)}},

@misc{bighero6,
    title = {{\textit{Big Hero 6}}},
    year = {2014},
    author={Walt Disney Pictures and Walt Disney Animation Studios and
    FortyFour Studios},
    howpublished ={[Film]. (November 7, 2014)},
    note= {Walt Disney Studios Films, Burbank, CA, USA},
}
author = {{\relax Conli, R. (Producer)} and {\relax Hall, D. (Director)} and
{Williams, C. \relax (Director)}},

@misc{sh2,
    address={Tokyo, Japan},
    author = {{Konami Computer Entertainment Tokyo}},
    day ={24},
    howpublished = {Game [PlayStation 2]. (September 24, 2001)},
    month =sep,
    note = {Konami, Tokyo, Japan},
    publisher={Konami},
    title = {\textit{Silent Hill 2}},
    year = {2001},
}

@misc{skyrim,
    title = {{\textit{The Elder Scrolls V: Skyrim}}},
    year = {2011},
    day ={11},
    month =nov,
    author = {{Bethesda Game Studios}},
    publisher={Bethesda Softworks},
    address={Rockville, Maryland},
    howpublished = {Game [Windows]. (November 11, 2011)},
    note ={Bethesda Softworks, Rockville, MD, USA},
}

@misc{fable,
    title = {{\textit{Fable}}},
    year = {2004},
    day ={14},
    month =sep,
    author = {{Big Blue Box Studios}},
    publisher={Microsoft Game Studios},
    address={Redmond, Washington},
    howpublished = {Game [Xbox 360]. (September 14, 2004)},
    note ={Microsoft Game Studios, Redmond, DC, USA},
}

@misc{tombraider,
    title = {{\textit{Shadow of the Tomb Raider}}},
    year = {2018},
    day ={14},
    month =sep,
    author = {{Eidos Montr\'eal}},
    publisher={Square Enix Europe},
    address={Southwark, London},
    howpublished = {Game [PlayStation 4]. (September 14, 2018)},
    note ={Square Enix Europe, Southwark, London, England},
}

@misc{zelda,
    title = {{\textit{The Legend of Zelda: Breath of the Wild}}},
    year = {2017},
    day ={3},
    month =mar,
    author = {{Nintendo Entertainment Planning and Development Division}},
    publisher={Nintendo},
    address={Kyoto, Japan},
    howpublished = {Game [Nintendo Switch]. (March 3, 2017)},
    note ={Nintendo, Kyoto, Japan},
}

@misc{bdo,
    title = {{\textit{Black Desert Online}}},
    year = {2016},
    day ={3},
    month =mar,
    author = {{Pearl Abyss}},
    publisher={Kakao Games Europe B. V.},
    address={Jeju, South Korea},
    howpublished = {Game [Windows]. (March, 3, 2016)},
    note ={Kakao Games Europe B. V., Jeju, South Korea},
}

@misc{p5,
    title = {{\textit{Persona 5}}},
    year = {2017},
    day ={4},
    month =apr,
    author = {{P-Studio}},
    publisher={Atlus USA},
    address={Irvine, California},
    howpublished = {Game [PlayStation 4]. (April 4, 2017)},
    note ={Atlus USA, Irvine, CA, USA},
}

@misc{danganronpa,
    title = {{\textit{Danganronpa V3: Killing Harmony}}},
    year = {2017},
    day ={26},
    month =sep,
    author = {{Spike Chunsoft}},
    publisher={NIS America},
    address={Santa Ana, California},
    howpublished = {Game [PlayStation Vita]. (September 26, 2017)},
    note ={NIS America, Santa Ana, CA, USA},
}

@misc{pacman,
    title = {{\textit{Pac-Man}}},
    year = {1980},
    day ={26},
    month =oct,
    author = {{Namco}},
    publisher={Midway Games},
    address={Chicago, Illinois},
    howpublished = {Game [Arcade]. (October 26, 1980)},
    note ={Midway Games, Chicago, IL, USA},
}

@misc{nwn,
    title = {{\textit{Neverwinter Nights}}},
    year = {2002},
    day ={18},
    month =jun,
    author = {{BioWare}},
    publisher={Infogrames},
    address={Paris, France},
    howpublished = {Game [PC]. (June 18, 2002)},
    note ={Midway Games, Paris, France},
}

@misc{fear,
    title = {{\textit{F.E.A.R. First Encounter Assault Recon}}},
    year = {2005},
    day ={17},
    month =oct,
    author = {{Monolith Productions}},
    publisher={Vivendi Universal Games},
    address={Los Angeles, CA, USA},
    howpublished = {Game [PC]. (October 17, 2005)},
    note ={Vivendi Universal Games, Los Angeles, CA, USA},
}

@misc{sims,
    title = {{\textit{The Sims 4}}},
    year = {2014},
    day ={2},
    month =sep,
    author = {{Maxis}},
    publisher={Electronic Arts},
    address={Redwood City, CA, USA},
    howpublished = {Game [PC]. (September 2, 2014)},
    note ={Electronic Arts, Redwood City, CA, USA},
}

@misc{masseffect2,
    title = {{\textit{Mass Effect 2}}},
    year = {2010},
    day ={6},
    month =jan,
    author = {{BioWare}},
    publisher={{Electronic Arts}},
    address={Redwood City, CA, USA},
    howpublished = {Game [PlayStation 3]. (January 6, 2010)},
    note ={Electronic Arts, Redwood City, CA, USA},
}

@misc{ffxv,
    title = {{\textit{Final Fantasy XV}}},
    year = {2018},
    day ={6},
    month =mar,
    author = {{Square Enix Business Division 2}},
    publisher={Square Enix},
    address={Shinjuku, Tokyo, Japan},
    howpublished = {Game [Windows]. (March 6, 2018)},
    note ={Square Enix, Shinjuku, Tokyo, Japan},
}

@misc{ffxii,
    title = {{\textit{Final Fantasy XII: The Zodiac Age}}},
    year = {2017},
    day ={11},
    month =jul,
    author = {{Square Enix}},
    publisher={Square Enix},
    address={Shinjuku, Tokyo, Japan},
    howpublished = {Game [PlayStation 4]. (July 11, 2017)},
    note ={Square Enix, Shinjuku, Tokyo, Japan},
}

@misc{portal,
    title = {{\textit{Portal}}},
    year = {2007},
    day ={10},
    month =oct,
    author = {{Valve}},
    publisher={{Valve}},
    address={Bellevue, WA, USA},
    howpublished = {Game [Windows]. (October 10, 2007)},
    note ={Valve, Bellevue, WA, USA},
}

@misc{pokemonsnap,
    title = {{\textit{New Pok\'emon Snap}}},
    year = {2021},
    day ={30},
    month =apr,
    author = {{Bandai Namco Studios}},
    publisher={Nintendo and The Pok\'emon Company},
    address={Japan},
    howpublished = {Game [Nintendo Switch]. (April 30, 2021)},
    note ={Nintendo and The Pok\'emon Company, Japan},
}

@misc{lebrun1760admiration,
    title = {Heads. {R}epresenting the various passions of the soul; as they
    are expressed in the human countenance},
    year = {1760?},
    publisher = {R. Sayer},
    author = {Le Brun, Charles},
    address={London},
    url = {https://wellcomecollection.org/works/j4zzww6y},
    lastaccessed={January 4, 2022}
}

@book{williams2001animator,
    title={The Animator's Survival Kit: {A} Manual of Methods, Principles and
    Formulas for Classical, Computer, Games, Stop Motion and Internet
    Animators},
    author={Williams, Richard},
    year={2001},
    publisher={Faber \& Faber},
    address={London, UK},
    isbn={978-0-5712-0228-7},
    note={ISBN 978-0-5712-0228-7}
}

@misc{korkis2022live,
    title={{Live Action Reference}. (Sep. 9, 2022).},
    author={Korkis, Jim},
    month=sep,
    day={9},
    year={2022},
    howpublished={Cartoon Research},
    url={https://cartoonresearch.com/index.php/live-action-reference/},
    lastaccessed={March 3, 2023}
}