@book{aiforgames,
    author={Millington, Ian and Funge, John},
    title={Artificial Intelligence for Games},
    year={2009},
    edition={2nd},
    publisher={CRC Press},
    address={Boca Raton, FL, USA},
    isbn={978-0-1237-4731-0},
    note={ISBN 978-0-1237-4731-0}
}

@article{nareyek2007game,
    title={Game {AI} is Dead. {L}ong Live Game {AI}!},
    author={Nareyek, Alexander},
    journal={IEEE Transactions on Intelligent Systems},
    volume={22},
    number={1},
    pages={9--11},
    month = jan # "--" # feb,
    year={2007},
    publisher={IEEE}
}

@book{emotioneering,
    author = {Freeman, David},
    title = {Creating Emotion in Games: The Art and Craft of Emotioneering},
    year = {2004},
    publisher = {New Riders},
    address = {Berkeley, CA, USA},
    isbn={978-1-5927-3007-0},
    note={ISBN 978-1-5927-3007-0}
}

@article{bates1994,
    title={The Role of Emotion in Believable Agents},
    author={Bates, Joseph},
    journal={Communications of the ACM},
    volume={37},
    number={7},
    pages={122--125},
    month=jul,
    year={1994},
    publisher={American Association for the Advancement of Science},
    doi={10.1145/176789.176803}
}

@incollection{broekens2016emotional,
    title={Emotional Appraisal Engines for Games},
    author={Broekens, Joost and Hudlicka, Eva and Bidarra, Rafael},
    booktitle={Emotion in Games: Theory and Praxis},
    editor={Karpouzis, Kostas and Yannakakis, Georgios N.},
    pages={215--232},
    chapter={13},
    year={2016},
    series={Socio-Affective Computing},
    volume={4},
    publisher={Springer International Publishing},
    address={Cham, Switzerland},
    doi={10.1007/978-3-319-41316-7_13}
}

@inproceedings{balint2018understanding,
    title={Understanding Everything {NPCs} Can Do: Metrics for Action
    Similarity in Non-Player Characters},
    author={Balint, J. Timothy and Allbeck, Jan M. and Bidarra, Rafael},
    booktitle={Proceedings of the 13th International Conference on the
    Foundations of Digital Games},
    series={FDG'18},
    editor={Dahlskog, Steve and Deterding, Sebastian and Font, Jos√© and
    Khandaker, Mitu and Olsson, Carl Magnus and Risi, Sebastian and Salge,
    Christoph},
    articleno={14},
    numpages={10},
    month=aug # " 7--10,",
    year={2018},
    publisher={August 7--10, 2018, Malm\"{o}, Sweden. ACM},
    address={New York, NY, USA}
}
location={Malm\"{o}, Sweden},

@inproceedings{hudlicka2008affective,
    title={Affective Computing for Game Design},
    author={Hudlicka, Eva},
    booktitle={Proceedings of the 4th International North American Conference
    on Intelligent Games and Simulation},
    series={GAMEON-NA'2008},
    editor={Kienzle, J{\"o}rg and Vangheluwe, Hans and Verbrugge, Clark},
    pages={5--12},
    month=aug # " 13--15,",
    year={2008},
    publisher={August 13--15, 2008, Montr{\'e}al, QC, Canada. EUROSIS},
    address={Ostend, Belgium},
    url={https://www.eurosis.org/cms/files/proceedings_full/GAMEONNA2008.deel1_2.08.08.pdf}
}

address={Montr{\'e}al, QC, Canada},

@inproceedings{casas2019towards,
    title={Towards Simulated Morality Systems: Role-Playing Games as Artificial
    Societies},
    author={{Casas-Roma}, Joan and Nelson, Mark J. and {Arnedo-Moreno}, Joan
    and Gaudl, Swen E. and Saunders, Rob},
    booktitle={Proceedings of the 11th International Conference on Agents and
    Artificial Intelligence},
    series={ICAART'19},
    volume={1},
    editor={Rocha, Ana and Luc Steels, Luc and van den Herik, Jaap},
    pages={244--251},
    month=feb # " 19--21,",
    year={2019},
    publisher={February 19--21, 2019, Prague, Czech Republic. INSTICC},
    address={Lisboa, Portugal},
    isbn={978-989-758-350-6}
}
location={Prague, Czech Republic},


@inproceedings{hamdy2017affect,
    title={Affect and Believability in Game Characters---A Review of The Use
    of Affective Computing in Games},
    author={Hamdy, Salma and King, David},
    booktitle={Proceedings of the 18th Annual Conference on Simulation and AI
    in Computer Games},
    series={GAME-ON'2017},
    editor={Kehoe, Joseph},
    pages={90--99},
    month=sep # " 6--8,",
    year={2017},
    publisher={September 6--8, 2017, Carlow, Ireland. EUROSIS},
    address={Ostend, Belgium}
}

location={Carlow, Ireland},

@inproceedings{hudlicka2009affective,
    title={Affective Game Engines: Motivation and Requirements},
    author={Hudlicka, Eva},
    booktitle={Proceedings of the 4th International Conference on Foundations
    of Digital Games},
    series={FDG'09},
    editor={Young, R. Michael},
    pages={299--306},
    month=apr # " 26--30,",
    year={2009},
    publisher={April 26--30, 2009, Orlando, FL, USA. ACM},
    address={New York, NY, USA}
}

location={Orlando, FL, USA},

@article{sicart2013moral,
    title={Moral Dilemmas in Computer Games},
    author={Sicart, Miguel},
    journal={Design Issues},
    volume={29},
    number={3},
    pages={28--37},
    month={Summer},
    year={2013},
    publisher={MIT Press},
    address={Cambridge, MA, USA}
}

@book{bogost2007persuasive,
    title={Persuasive Games: The Expressive Power of Videogames},
    author={Bogost, Ian},
    year={2007},
    publisher={MIT Press},
    address={Cambridge, MA, USA}
}

@book{gee2007videogames,
    title={What Video Games Have to Teach Us About Learning and Literacy},
    author={Gee, James Paul},
    year={2007},
    edition={2nd},
    publisher={St. Martin's Press},
    address={New York, NY, USA}
}

@inproceedings{rusch2017soteria,
    title={{``Soteria"}---Teaching Strategies to Overcome Anxiety},
    author={Rusch, Doris C.},
    booktitle={Proceedings of the Games + Learning + Society Conference},
    series={GLC 12.0},
    volume={6},
    editor={Steinkuehler, Constance and Ochsner, Amanda and Caldwell, Kyrie E.
    H. and Seyler, Sean},
    month=aug # " 17--19,",
    year={2017},
    pages={477--483},
    publisher={August 17--19, 2017, Madison, WI, USA. ETC Press},
    address={Pittsburgh, PA, USA},
}
location={Madison, WI, USA}

@inproceedings{rusch2009mechanisms,
    title={Mechanisms of the Soul---Tackling the Human Condition in
    Videogames},
    author={Rusch, Doris C.},
    booktitle={Proceedings of the 2009 DiGRA International Conference: Breaking
    New Ground: Innovations in Games, Play, Practice and Theory},
    series={DIGRA'09},
    volume={5},
    numpages={9},
    month=sep,
    year={2009},
    publisher={September 1--4, 2009, West London, UK. DiGRA},
    address={http://www.digra.org},
    url={http://www.digra.org/digital-library/publications/mechanisms-of-the-soul-tackling-the-human-condition-in-videogames/}
}

@misc{rusch2007barthes,
    title={Barthes Revisited: Perspectives on Emotion Strategies in Computer
    Games},
    author={Rusch, Doris Carmen and K{\"o}nig, Nikolaus},
    howpublished={Computer Philology Yearbook},
    year={2007}
}

@inproceedings{rusch2010art,
    title={The Art of Nailing Pudding to the Wall---{S}trategies on Modeling
    Abstract Concepts in Games},
    author={Rusch, Doris Carmen},
    booktitle={Proceedings of Meaningful Play 2010},
    month=oct # " 21--23,",
    articleno={24},
    numpages={6},
    year={2010},
    publisher={October 21--23, 2010, East Lansing, MI, USA. Michigan State
    University},
    address={Online},
    url={https://meaningfulplay.msu.edu/proceedings2010/mp2010_paper_24.pdf}
}
location={East Lansing, MI, USA},

@mastersthesis{ho2012dont,
    author = {Ho, Andrew},
    title = {Don't Be Afraid: Modeling Social Anxiety in Games},
    school = {Georgia Institute of Technology},
    address={Atlanta, GA, USA},
    year = {2012},
}

@article{rusch2015video,
    title={Video Games and Insightful Gameplay},
    author={Rusch, Doris C.},
    journal={Journal of Comparative Research in Anthropology and Sociology},
    editor={Rusch, Doris C.},
    volume={6},
    number={1},
    pages={1--2},
    year={2015},
    publisher={Universitatea din Bucuresti, Facultatea de Sociologie si
    Asistenta Sociala}
}

@misc{rusch2006case,
    title={Case Study: Emotional Design of the Videogame {Silent Hill: Restless
    Dreams}},
    author={Rusch, Doris Carmen},
    year={2006},
    url={http://web.mit.edu/comm-forum/legacy/mit5/papers/Rusch.pdf},
    lastaccessed={April 30, 2019}
}

@inproceedings{rusch2012elude,
    title={{``Elude"}: Designing Depression},
    author={Rusch, Doris C.},
    booktitle={Proceedings of the International Conference on the Foundations
    of Digital Games},
    series={FDG'12},
    pages={254--257},
    month=may # " 29--" # jun # " 1,",
    year={2012},
    publisher={May 29--June 1, 2012, Raleigh, NC, USA. ACM},
    address={New York, NY, USA}
}
location={Raleigh, NC, USA},

@inproceedings{rusch2008games,
    title={Games about {LOVE} and {TRUST}?: Harnessing the Power of Metaphors
    for Experience Design},
    author={Rusch, Doris C. and Weise, Matthew J.},
    booktitle={Proceedings of the 2008 ACM SIGGRAPH Symposium on Video Games},
    series={Sandbox'08},
    editor={Spencer, Stephen N.},
    pages={89--97},
    month=aug # " 9--10,",
    year={2008},
    publisher={August 9--10, 2008, Los Angeles, CA, USA. ACM},
    address={New York, NY, USA}
}

location={Los Angeles, CA, USA},

@incollection{rusch2008emotional,
    title={Emotional Design of Computer Games and Fiction Films},
    author={Rusch, Doris Carmen},
    booktitle={Computer Games as a Sociocultural Phenomenon: Games Without
    Frontiers, War Without Tears},
    editor={Jahn-Sudmann, Andreas and Stockmann, Ralf},
    chapter={3},
    pages={22--31},
    year={2008},
    publisher={Palgrave Macmillan},
    address={London, UK},
    doi={10.1057/9780230583306_3}
}

@article{mateas2001expressive,
    title={Expressive {AI}: A Hybrid Art and Science Practice},
    author={Mateas, Michael},
    journal={Leonardo},
    volume={34},
    number={2},
    pages={147--153},
    month=apr,
    year={2001},
    publisher={MIT Press},
    address={Cambridge, MA, USA},
    doi={10.1162/002409401750184717}
}

@incollection{yannakakis2015emotion,
    title={Emotion in Games},
    author={Yannakakis, Georgios N. and Paiva, Ana},
    booktitle={The Oxford Handbook of Affective Computing},
    editor={Calvo, Rafael and D'Mello, Sidney and Gratch, Johnathan and Kappas,
    Arvid},
    chapter={34},
    series={Oxford Library of Psychology},
    pages={459--471},
    year={2015},
    publisher={Oxford University Press},
    address={New York, NY, USA},
    isbn={978-0-1999-4223-7},
    note={ISBN 978-0-1999-4223-7}
}

@book{isbister2006better,
    title={Better Game Characters by Design: A Psychological Approach},
    author={Isbister, Katherine},
    year={2006},
    publisher={CRC Press},
    address={Boca Raton, FL, USA}
}

@inproceedings{soni2008bots,
    title={Bots Trained to Play like a Human are More Fun},
    author={Soni, Bhuman and Hingston, Philip},
    booktitle={2008 IEEE International Joint Conference on Neural Networks
    (IEEE World Congress on Computational Intelligence)},
    pages={363--369},
    year={2008},
    month=jun # " 1--8,",
    publisher={June 1--8, 2008, Hong Kong, China. IEEE},
    address={New York, NY, USA}
}
location={Hong Kong, China},

@misc{lazzaro2004we,
    title={Why We Play Games: Four Keys to More Emotion Without Story},
    author={Lazzaro, Nicole},
    year={2004},
    url = {https://www.gdcvault.com/play/1022908/Why-We-Play-Games-The},
    lastaccessed={January 3, 2022}
}

@techreport{canamero1998issues,
    title={Issues in the Design of Emotional Agents},
    author={Ca\~namero, Dolores},
    source={https://www.aaai.org/Papers/Symposia/Fall/1998/FS-98-03/FS98-03-010.pdf},
    numpages={5},
    number={FS-98-03},
    year={1998},
    institution={AAAI Press},
    address={Menlo Park, CA, USA}
}
pages={49--54},

@article{garau2005responses,
    title={The Responses of People to Virtual Humans in an Immersive Virtual
    Environment},
    author={Garau, Maia and Slater, Mel and Pertaub, {David-Paul} and Razzaque,
    Sharif},
    journal={Presence: Teleoperators \& Virtual Environments},
    volume={14},
    number={1},
    pages={104--116},
    month=feb,
    year={2005},
    publisher={MIT Press},
    address={Cambridge, MA, USA}
}

@inproceedings{gomes2013metrics,
    title={Metrics for Character Believability in Interactive Narrative},
    author={Gomes, Paulo and Paiva, Ana and Martinho, Carlos and Jhala, Arnav},
    booktitle={Interactive Storytelling},
    editor={Koenitz, Hartmut and Sezen, Tonguc Ibrahim and Ferri, Gabriele and
    Haahr, Mads and Sezen, Digdem and \c{C}atak, G√ºven},
    series={Lecture Notes in Computer Science},
    pages={223--228},
    year={2013},
    volume={8230},
    publisher={Springer International Publishing},
    address={Cham, Switzerland}
}

@incollection{togelius2013assessing,
    title={Assessing Believability},
    author={Togelius, Julian and Yannakakis, Georgios N. and Karakovskiy,
    Sergey and Shaker, Noor},
    booktitle={Believable Bots: Can Computers Play Like People?},
    editor={Hingston, Philip},
    pages={215--230},
    year={2013},
    publisher={Springer Berlin Heidelberg},
    address={Berlin, Heidelberg, Germany}
}

@inproceedings{de2015beyond,
    title={Beyond Believability: {Q}uantifying the Differences Between Real and
    Virtual Humans},
    author={de Melo, Celso M. and Gratch, Jonathan},
    editor={Brinkman, Willem-Paul and Broekens, Joost and Heylen, Dirk},
    booktitle={Intelligent Virtual Agents},
    series={Lecture Notes in Computer Science},
    volume={9238},
    pages={109--118},
    year={2015},
    publisher={Springer International Publishing},
    address={Cham, Switzerland},
    doi={10.1007/978-3-319-21996-7_11}
}

@inproceedings{gratch2004design,
    title={04121 Working Group 2---Design Criteria, Techniques and Case Studies
    for Creating and Evaluating Interactive Experiences for Virtual Humans},
    author={Gratch, Jonathan and Marsella, Stacy and Egges, Arjan and
    Eli{\"e}ns, Anton and Isbister, Katherine and Paiva, Ana and Rist, Thomas
    and ten Hagen, Paul},
    numpages={6},
    booktitle = {Evaluating Embodied Conversational Agents},
    editor={Ruttkay, Zsofia and Andr{\'e}, Elizabeth and Johnson, W. Lewis and
    Pelachaud, Catherine},
    number ={04121},
    series ={Dagstuhl Seminar Proceedings},
    issn ={1862-4405},
    year ={2006},
    publisher ={Internationales Begegnungs- und Forschungszentrum f{\"u}r
    Informatik (IBFI)},
    address ={Schloss Dagstuhl, Germany},
    url ={http://drops.dagstuhl.de/opus/volltexte/2006/462},
}

@inproceedings{mitarai2014amae,
    title={Amae and Agency Appraisal as Japanese Emotional Behavior: Influences
    on Agent's Believability},
    author={Mitarai, Koushi and Umemuro, Hiroyuki},
    booktitle={Proceedings of the 2nd International Conference on Human-Agent
    Interaction},
    series={HAI'14},
    pages={189--192},
    month=oct # " 29--31,",
    year={2014},
    publisher={October 29--31, 2014, Tsukuba, Japan. ACM},
    address={New York, NY, USA}
}
address={Tsukuba, Japan},

@book{bjork2005patterns,
    author = {Bj\"ork, Staffan and Holopainen, Jussi},
    title = {Patterns in Game Design},
    year = {2005},
    series = {Game Development Series},
    publisher = {Charles River Media},
    address = {Hingham, MA, USA},
}

@article{de2015conceptual,
    title={A Conceptual Affective Design Framework for the Use of Emotions in
    Computer Game Design},
    author={{De Byl}, Penny},
    journal={Cyberpsychology: Journal of Psychosocial Research on Cyberspace},
    volume={9},
    number={3},
    articleno={4},
    numpages={19},
    year={2015},
    doi={10.5817/CP2015-3-4}
}

@techreport{ercan2014virtual,
    author = {Ercan, Selman and Harel, Raoul and Peperkamp, Jeroen and Yilmaz,
    Umit},
    title  = {Virtual Humans in Games: Realistic Behavior and Emotions for
    Non-Player Characters},
    year   = {2014},
    number = {TI3800},
    institution ={Delft University of Technology},
    address={Delft, The Netherlands}
}

@inproceedings{tence2010challenge,
    title={The Challenge of Believability in Video Games: Definitions, Agents'
    Models and Imitation Learning},
    author={Tenc{\'e}, Fabien and Buche, C{\'e}dric and De Loor, Pierre and
    Marc, Olivier},
    booktitle={Proceedings of the 2nd Asian Conference on Simulation
    and AI in Computer Games},
    pages={38--45},
    series={GAMEON-ASIA'2010},
    editor={Mao, Wenji and Vermeersch, Lode},
    month=mar # " 1--3,",
    year={2010},
    publisher={March 1--3, 2010, Shanghai, China. EUROSIS},
    address={Ostend, Belgium}
}

location={Shanghai, China},

@inproceedings{kersjes2016modeling,
    title={Modeling Believable Game Characters},
    author={Kersjes, Hanneke and Spronck, Pieter},
    booktitle={IEEE Conference on Computational Intelligence and Games},
    series={CIG},
    pages={193--200},
    month=sep # " 20--23,",
    year={2016},
    publisher={September 20--23, 2016, Santorini, Greece. IEEE},
    address={New York, NY, USA}
}
location={Santorini, Greece},

@inproceedings{hudlicka2009foundations,
    title={Foundations for Modelling Emotions in Game Characters: Modelling
    Emotion Effects on Cognition},
    author={Hudlicka, Eva and Broekens, Joost},
    booktitle={Proceedings of the 3rd International Conference on Affective
    Computing and Intelligent Interaction and Workshops},
    volume={1},
    series={ACII 2009},
    pages={1--6},
    month=sep # " 10--12,",
    year={2009},
    publisher={September 10--12, 2009, Amsterdam, The Netherlands. IEEE
    Computer Society},
    address={Los Alamitos, CA, USA}
}
location={Amsterdam, Netherlands},

@article{waern2011m,
    title={``I'm in love with someone that doesn't exist!": Bleed in the
    Context of a Computer Game},
    author={Waern, Annika},
    journal={Journal of Gaming \& Virtual Worlds},
    volume={3},
    number={3},
    pages={239--257},
    month=sep,
    year={2011},
    publisher={Intellect},
    address={Bristol, UK},
    doi={10.1386/jgvw.3.3.239_1}
}

@inproceedings{lester1997increasing,
    title={Increasing Believability in Animated Pedagogical Agents},
    author={Lester, James C. and Stone, Brian A.},
    booktitle={Proceedings of the First International Conference on Autonomous
    Agents},
    series={AGENTS'97},
    pages={16--21},
    month=feb # " 5--8,",
    year={1997},
    publisher={February 5--8, 1997, Marina del Rey, CA, USA. ACM},
    address={New York, NY, USA}
}
location={Marina del Rey, CA, USA},

@inproceedings{sweetser2003creating,
    title={Creating Engaging Artificial Characters for Games},
    author={Sweetser, Penelope and Johnson, Daniel and Sweetser, Jane and
    Wiles, Janet},
    booktitle={Proceedings of the 2nd International Conference on Entertainment
    Computing},
    numpages={8},
    series={ICEC'03},
    month=may # " 8--10,",
    year={2003},
    publisher={May 8--10, 2003, Pittsburgh, PA, USA. ACM},
    address={New York, NY, USA},
    url={https://dl.acm.org/doi/abs/10.5555/958720.958734}
}
location={Pittsburgh, PA, USA},

@article{lankoski2011player,
    title={Player Character Engagement in Computer Games},
    author={Lankoski, Petri},
    journal={Games and Culture},
    volume={6},
    number={4},
    pages={291--311},
    month=jul,
    year={2011},
    publisher={SAGE Publications},
    address={Newbury Park, CA, USA},
    doi={10.1177/1555412010391088}
}

@article{jorgensen2010game,
    title={Game Characters as Narrative Devices: A Comparative Analysis of
    {Dragon Age: Origins} and {Mass Effect 2}},
    author={J{\o}rgensen, Kristine},
    journal={Eludamos: Journal for Computer Game Culture},
    volume={4},
    number={2},
    pages={315--331},
    year={2010},
    url={https://www.eludamos.org/index.php/eludamos/article/view/vol4no2-13/198}
}

@article{nass2000machines,
    title={Machines and Mindlessness: Social Responses to Computers},
    author={Nass, Clifford and Moon, Youngme},
    journal={Journal of Social Issues},
    volume={56},
    number={1},
    pages={81--103},
    month={Spring},
    year={2000},
    publisher={Wiley Online Library},
    doi={10.1111/0022-4537.00153}
}

@inproceedings{brown2004grounded,
    title={A Grounded Investigation of Game Immersion},
    author={Brown, Emily and Cairns, Paul},
    booktitle={CHI '04 Extended Abstracts on Human Factors in Computing
    Systems},
    pages={1297--1300},
    series={CHI EA'04},
    month=apr # " 24--29,",
    year={2004},
    publisher={April 24--29, 2004, Vienna, Austria. ACM},
    address={New York, NY, USA},
    doi={10.1145/985921.986048}
}
location={Vienna, Austria},

@incollection{lankoski2012computer,
    title={Computer Games and Emotions},
    author={Lankoski, Petri},
    booktitle={The Philosophy of Computer Games},
    editor={Sageng, John Richard and Fossheim, Hallvard and Larsen, Tarjei
    Mandt},
    pages={39--55},
    volume={7},
    series={Philosophy of Engineering and Technology},
    year={2012},
    publisher={Springer Netherlands},
    address={Dordrecht, The Netherlands}
}

@article{heeter1992being,
    title={Being There: The Subjective Experience of Presence},
    author={Heeter, Carrie},
    journal={Presence: Teleoperators \& Virtual Environments},
    volume={1},
    number={2},
    editor={Sheridan, Thomas B. and Furness, Thomas A.},
    pages={262--271},
    month={Spring},
    year={1992},
    publisher={MIT Press},
    address={Cambridge, MA, USA}
}

@inproceedings{lankoski2008character,
    title={Character-driven Game Design: Characters, Conflicts and Gameplay},
    author={Lankoski, Petri and Bj{\"o}rk, Staffan},
    booktitle={Proceedings of the Sixth International Conference in Game Design
    and Technology},
    series={GDTW08},
    editor={Merabti, Madjid},
    numpages={8},
    month=nov # " 12--13,",
    year={2008},
    publisher={November 12--13, 2008, Liverpool, UK. The School of Computing
    and Mathematical Sciences, Liverpool John Moores University},
    address={Liverpool, UK}
}

location={Liverpool, UK}

@article{beale2009affective,
    title={Affective Interaction: How Emotional Agents Affect Users},
    author={Beale, Russell and Creed, Chris},
    journal={International Journal of Human-Computer Studies},
    volume={67},
    number={9},
    pages={755--776},
    month=sep,
    year={2009},
    publisher={Elsevier},
    address={Amsterdam, The Netherlands}
}

@incollection{el2009believable,
    title={Believable Characters},
    author={El-Nasr, Magy Seif and Bishko, Leslie and Zammitto, Veronica and
    Nixon, Michael and Vasiliakos, Athanasios V. and Wei, Huaxin},
    booktitle={Handbook of Multimedia for Digital Entertainment and Arts},
    editor={Furht, Borko},
    pages={497--528},
    year={2009},
    publisher={Springer US},
    address={Boston, MA, USA}
}

@techreport{magerko2007measuring,
    title={Measuring Dramatic Believability},
    author={Magerko, Brian},
    source={https://www.aaai.org/Papers/Symposia/Fall/2007/FS-07-05/FS07-05-014.pdf},
    booktitle={AAAI Fall Symposium: Intelligent Narrative Technologies},
    numpages={3},
    number={FS07-05-014},
    year={2007},
    institution={AAAI Press},
    address={Menlo Park, CA, USA}
}
pages={79--82},

@inproceedings{sengers1999designing,
    title={Designing Comprehensible Agents},
    author={Sengers, Phoebe},
    booktitle={Proceedings of the 16th International Joint Conference on
    Artificial intelligence},
    series={IJCAI'99},
    volume={2},
    editor={Dean, Thomas},
    pages={1227--1232},
    year={1999},
    publisher={July 31--August 6, 1999, Stockholm, Sweden. Morgan Kaufmann
    Publishers Inc.},
    address={San Francisco, CA, USA}
}

location={Stockholm, Sweden}

@inproceedings{bhatt2003believability,
    title={Believability in Computer Games},
    author={Bhatt, Kamal},
    booktitle={Australian Workshop on Interactive Entertainment},
    editor={Pisan, Yusuf},
    pages={81--84},
    month=feb # " 13,",
    year={2004},
    address={Sydney, Australia},
    publisher={February 13, 2004, Sydney, Australia. Creativity and Cognition
    Studios Press}
}

location={Sydney, Australia}

@incollection{ortony2002making,
    title={On Making Believable Emotional Agents Believable},
    author={Ortony, Andrew},
    booktitle={Emotions in Humans and Artifacts},
    editor={Trappl, Robert and Petta, Paolo and Payr, Sabine},
    pages={189--211},
    chapter={6},
    year={2002},
    publisher={MIT Press},
    address={Cambridge, MA, USA},
    isbn={0-262-20142-9},
    note={ISBN 0-262-20142-9}
}

@techreport{mac2001proposal,
    title={A Proposal for an Agent Architecture for Proactive Persistent Non
    Player Characters},
    author={Mac Namee, Brian and Cunningham, P{\'a}draig},
    number={TCD-CS-2001-20},
    year={2001},
    institution={Department of Computer Science, Trinity College},
    address={Dublin, Ireland}
}

@article{cutumisu2006generating,
    title={Generating Ambient Behaviors in Computer Role-Playing Games},
    author={Cutumisu, Maria and Szafron, Duane and Schaeffer, Jonathan and
    McNaughton, Matthew and Roy, Thomas and Onuczko, Curtis and Carbonaro,
    Mike},
    journal={IEEE Intelligent Systems},
    volume={21},
    number={5},
    pages={19--27},
    month=sep # "--" # oct,
    year={2006},
    publisher={IEEE}
}

@inproceedings{rodrigues2017towards,
    title={Towards Believable Interactions between Synthetic Characters},
    author={Rodrigues, Ricardo and Martinho, Carlos},
    booktitle={Intelligent Virtual Agents},
    editor={Beskow, Jonas and Peters, Christopher and Castellano, Ginevra and
    O'Sullivan, Carol and Leite, Iolanda and Kopp, Stefan},
    series={Lecture Notes in Computer Science},
    volume={10498},
    pages={385--388},
    year={2017},
    publisher={Springer International Publishing},
    address={Cham, Switzerland}
}

@article{bogdanovych2016makes,
    title={What Makes Virtual Agents Believable?},
    author={Bogdanovych, Anton and Trescak, Tomas and Simoff, Simeon},
    journal={Connection Science},
    volume={28},
    number={1},
    pages={83--108},
    month=feb,
    year={2016},
    publisher={Taylor \& Francis}
}

@article{livingstone2006turing,
    title={Turing's {T}est and Believable {AI} in Games},
    author={Livingstone, Daniel},
    journal={Computers in Entertainment},
    editor={Lee, Newton},
    volume={4},
    number={1},
    articleno={3D},
    numpages={13},
    month=jan,
    year={2006},
    publisher={ACM},
    doi={10.1145/1111293.1111303}
}

@book{rusch2017making,
    title={Making Deep Games: Designing Games with Meaning and Purpose},
    author={Rusch, Doris C.},
    year={2017},
    publisher={CRC Press},
    address={Boca Raton, FL, USA}
}

@misc{gard2000building,
    title={Building Character},
    author={Gard, Toby},
    howpublished={Gamasutra},
    year={2000},
    url={https://ininet.org/download/gama-network-presents-building-character-by-toby-gard.doc},
    lastaccessed={January 4, 2022}
}
pages={30--37},

@inproceedings{bartneck2004your,
    title={In Your Face, Robot! {T}he Influence of a Character's Embodiment on
    How Users Perceive its Emotional Expressions},
    author={Bartneck, Christoph and Reichenbach, Juliane and {Van Breemen},
    Albert},
    booktitle={Proceedings of the Fourth International Conference on
    Design and Emotion},
    pages={32--51},
    month=jul # " 12--14,",
    year={2004},
    publisher={July 12--14, 2004, Ankara, Turkey. Department of Industrial
    Design, Middle East Technical
    University},
    address={Ankara, Turkey}
}
location={Ankara, Turkey}

@article{sweetser2005gameflow,
    title={{GameFlow}: {A} Model for Evaluating Player Enjoyment in Games},
    author={Sweetser, Penelope and Wyeth, Peta},
    journal={Computers in Entertainment},
    editor={Lee, Newton},
    volume={3},
    number={3},
    articleno={3A},
    numpages={24},
    month=jul,
    year={2005},
    publisher={ACM},
    doi={10.1145/1077246.1077253}
}

@phdthesis{rosenkind2015creating,
    title={Creating Believable, Emergent Behaviour in Virtual Agents, Using a
    'Synthetic Psychology' Approach},
    author={Rosenkind, Micah Marlon},
    year={2015},
    school={University of Brighton},
    address={Brighton, UK}
}

@book{adams2014fundamentals,
    title={Fundamentals of Game Design},
    author={Adams, Ernest},
    year={2009},
    edition={2nd},
    publisher={New Riders},
    address={Berkeley, CA, USA},
    isbn={978-0-3216-4337-7},
    note={ISBN 978-0-3216-4337-7}
}

@incollection{tamborini2006role,
    title={The Role of Presence in the Experience of Electronic Games},
    author={Tamborini, Ron and Skalski, Paul},
    booktitle={Playing Video Games: Motives, Responses, and Consequences},
    editor={Vorderer, Peter and Bryant, Jennings},
    chapter={16},
    pages={225--240},
    year={2006},
    publisher={Lawrence Erlbaum Associates},
    address={Mahwah, NJ, USA}
}

@book{thomas1981illusion,
    title={The Illusion of Life: Disney Animation},
    author={Thomas, Frank and Johnston, Ollie},
    year={1995},
    publisher={Disney Editions},
    address={New York, NY, USA},
    isbn={978-0-7868-6202-3},
    note={ISBN 978-0-7868-6202-3}
}

@article{gratch2005lessons,
    title={Lessons from Emotion Psychology for the Design of Lifelike
    Characters},
    author={Gratch, Jonathan and Marsella, Stacy},
    journal={Applied Artificial Intelligence},
    volume={19},
    number={3--4},
    pages={215--233},
    year={2005},
    publisher={Taylor \& Francis},
    doi={10.1080/08839510590910156}
}

@inproceedings{warpefelt2013analyzing,
    title={Analyzing the Believability of Game Character Behavior using the
    {Game Agent Matrix}},
    author={Warpefelt, Henrik and Johansson, Magnus and Verhagen, Harko},
    booktitle={Proceedings of the 6th Digital Games Research Association
    Conference: DeFragging Game Studies},
    series={DiGRA'13},
    volume={7},
    articleno={70},
    numpages={11},
    month= aug # " 26--29,",
    year={2013},
    issn={2342-9666},
    url={http://www.digra.org/digital-library/publications/analyzing-the-believability-of-game-character-behavior-using-the-game-agent-matrix/},
    publisher={August 26--29, 2013, Atlanta, GA, USA. DiGRA},
    address={http://www.digra.org/},
}
location={Atlanta, GA, USA},

@misc{graft2015artificial,
    title={{When Artificial Intelligence in Games Becomes...Artificially
    Intelligent}},
    author={Graft, Kris},
    year={2015},
    howpublished={Game Developer},
    url={https://www.gamedeveloper.com/programming/when-artificial-intelligence-in-video-games-becomes-artificially-intelligent},
    lastaccessed={January 4, 2022}
}

@phdthesis{nixon2017investigating,
    title={Investigating the Role of Social Eye Gaze in Designing Believable
    Virtual Characters},
    author={Nixon, Michael},
    year={2017},
    school={School of Interactive Arts and Technology, Simon Fraser University},
    address={Burnaby, BC, Canada}
}

@article{broekens2013challenges,
    author={{Broekens}, Joost and {Bosse}, Tibor and {Marsella}, Stacy C.},
    journal={IEEE Transactions on Affective Computing},
    title={Challenges in Computational Modeling of Affective Processes},
    month=jul # "--" # sep,
    year={2013},
    volume={4},
    number={3},
    pages={242--245},
    publisher={IEEE}
}

@inproceedings{assaf2019feeling,
    title={The Feeling of Presence: An Immersive Perspective},
    author={Assaf, Rodrigo and Rodrigues, Rui},
    booktitle={Proceedings of the 9th International Conference on Digital and
    Interactive Arts},
    series={ARTECH 2019},
    editor={Arantes, Priscila and S{\'a}, V{\`i}tor J.  and da Veiga, Pedro
    Alves and Fernandes-Marcos, Ad{\'e}rito},
    articleno={40},
    numpages={6},
    month=oct # " 23--25,",
    year={2019},
    publisher={October 23--25, 2019, Braga, Portugal. ACM},
    address={New York, NY, USA}
}

location={Braga, Portugal},

@incollection{curran2018factors,
    title={Factors of Immersion},
    author={Curran, Noirin},
    booktitle={The Wiley Handbook of Human Computer Interaction},
    editor={Norman, Kent L. and Kirakowski, Jurek},
    pages={239--254},
    chapter={13},
    year={2018},
    publisher={John Wiley \& Sons},
    address={West Sussex, UK},
    doi={10.1002/9781118976005.ch13}
}

@inproceedings{bopp2018odd,
    title={``{An Odd Kind of Pleasure}": Differentiating Emotional Challenge in
    Digital Games},
    author={Bopp, Julia Ayumi and Opwis, Klaus and Mekler, Elisa D.},
    booktitle={Proceedings of the 2018 Conference on Human Factors in Computing
    Systems},
    series={CHI 2018},
    articleno={41},
    numpages={12},
    year={2018},
    publisher={April 21--26, 2018, Montr{\'e}al, QC, Canada. ACM},
    address={New York, NY, USA}
}

@inproceedings{zhang2017spatial,
    title={Spatial Immersion Versus Emotional Immersion, Which is More
    Immersive?},
    author={Zhang, Chenyan and Perkis, Andrew and Arndt, Sebastian},
    booktitle={Proceedings of the 9th International Conference on Quality of
    Multimedia Experience},
    series={QoMEX 2017},
    pages={1--6},
    month= may # " 31--" # jun # " 2,",
    year={2017},
    publisher={May 31--June 2, 2017, Erfurt, Germany. IEEE},
    address={New York, NY, USA},
    doi={10.1109/QoMEX.2017.7965655}
}

@article{o2008user,
    title={What is User Engagement? {A} Conceptual Framework for Defining User
    Engagement with Technology},
    author={O'Brien, Heather L. and Toms, Elaine G.},
    journal={Journal of the American Society for Information Science and
    Technology},
    volume={59},
    number={6},
    pages={938--955},
    month=apr,
    year={2008},
    publisher={Wiley Online Library},
    doi={10.1002/asi.20801}
}

@incollection{cairns2016engagement,
    title={Engagement in Digital Games},
    author={Cairns, Paul},
    booktitle={Why Engagement Matters: Cross-Disciplinary Perspectives of User
    Engagement in Digital Media},
    editor={O'Brien, Heather and Cairns, Paul},
    pages={81--104},
    year={2016},
    publisher={Springer International Publishing},
    address={Cham, Switzerland},
    doi={10.1007/978-3-319-27446-1_4}
}

@incollection{quesenbery2003five,
    title={The Five Dimensions of Usability},
    author={Quesenbery, Whitney},
    booktitle={Content and Complexity: Information Design in Technical
    Communication},
    editor={Albers, Michael J. and Mazur, Mary Beth},
    chapter={4},
    pages={81--102},
    year={2003},
    publisher={Lawrence Erlbaum  Associates},
    address={Mahwah, NJ, USA}
}

@article{christou2014interplay,
    title={The Interplay Between Immersion and Appeal in Video Games},
    author={Christou, Georgios},
    journal={Computers in Human Behavior},
    volume={32},
    pages={92--100},
    month=mar,
    year={2014},
    publisher={Elsevier},
    doi={10.1016/j.chb.2013.11.018}
}

@inproceedings{poels2007always,
    title={``{It is always a lot of fun!}" {E}xploring Dimensions of Digital
    Game Experience Using Focus Group Methodology},
    author={Poels, Karolien and de Kort, Yvonne and Ijsselsteijn, Wijnand},
    booktitle={Proceedings of the 2007 Conference on Future Play},
    series={Future Play'07},
    pages={83--89},
    year={2007},
    publisher={November 14--17, 2007, Toronto, ON, Canada. ACM},
    address={New York, NY, USA},
    doi={10.1145/1328202.1328218}
}

@incollection{mayra2007fundamental,
    title={Fundamental Components of the Gameplay Experience},
    author={M{\"a}yr{\"a}, Frans and Ermi, Laura},
    booktitle={DIGAREC Keynote---Lectures 2009/10},
    series={DIGAREC Series 06},
    editor={G{\"u}nzel, Stephan and Liebe, Michael and Mersch, Dieter},
    pages={88--115},
    publisher={Potsdam University Press},
    address={Potsdam, Germany},
    year={2010},
    isbn={978-3-8695-6115-8},
    note={ISBN 978-3-8695-6115-8}
}

@inproceedings{glas2015definitions,
    title={Definitions of Engagement in Human-Agent Interaction},
    author={Glas, Nadine and Pelachaud, Catherine},
    booktitle={2015 International Conference on Affective Computing and
    Intelligent Interaction},
    series={ACII 2015},
    pages={944--949},
    year={2015},
    publisher={September 21--24, 2015, Xi'an, China. IEEE},
    address={New York, NY, USA},
    doi={10.1109/ACII.2015.7344688}
}

@inproceedings{hall2005achieving,
    title={Achieving Empathic Engagement Through Affective Interaction with
    Synthetic Characters},
    author={Hall, Lynne and Woods, Sarah and Aylett, Ruth and Newall, Lynne and
    Paiva, Ana},
    booktitle={Affective Computing and Intelligent Interaction},
    editor={Tao, Jianhua and Tan, Tieniu and Picard, Rosalind W.},
    series={Lecture Notes in Computer Science},
    volume={3784},
    pages={731--738},
    year={2005},
    publisher={Springer Berlin Heidelberg},
    address={Berlin, Heidelberg, Germany},
    doi={10.1007/11573548_94}
}

@article{schonau2012sure,
    title={``{Sure, I Would Like to Continue}": A Method for Mapping the
    Experience of Engagement in Video Games},
    author={Sch{\o}nau-Fog, Henrik and Bj{\o}rner, Thomas},
    journal={Bulletin of Science, Technology \& Society},
    volume={32},
    number={5},
    pages={405--412},
    month=oct,
    year={2012},
    publisher={SAGE Publications},
    address={Los Angeles, CA, USA},
    doi={10.1177/0270467612469068}
}

@book{engageDef,
    editor = {Stevenson, Angus},
    title = {{Oxford Dictionary of English}},
    year = {2015},
    edition = {3rd},
    publisher = {Oxford University Press},
    address={London, UK},
    note={Engage}
}

@article{schneider2004death,
    title={Death with a Story: How Story Impacts Emotional, Motivational, and
    Physiological Responses to First-Person Shooter Video Games},
    author={Schneider, Edward F. and Lang, Annie and Shin, Mija and Bradley,
    Samuel D.},
    journal={Human Communication Research},
    volume={30},
    number={3},
    pages={361--375},
    month=jul,
    year={2004},
    publisher={Oxford University Press},
    doi={10.1111/j.1468-2958.2004.tb00736.x}
}

@article{banos2004immersion,
    title={Immersion and Emotion: Their Impact on the Sense of Presence},
    author={Ba{\~n}os, Rosa Mar{\'\i}a and Botella, Cristina and Alca{\~n}iz,
    Mariano and Lia{\~n}o, V{\'\i}ctor and Guerrero, Bel{\'e}n and Rey,
    Beatriz},
    journal={CyberPsychology \& Behavior},
    volume={7},
    number={6},
    pages={734--741},
    month=dec,
    year={2004},
    publisher={Mary Ann Liebert, Inc.},
    doi={10.1089/cpb.2004.7.734}
}

@article{ryan2006motivational,
    title={The Motivational Pull of Video Games: A Self-Determination Theory
    Approach},
    author={Ryan, Richard M. and Rigby, C. Scott and Przybylski, Andrew},
    journal={Motivation and Emotion},
    volume={30},
    number={4},
    pages={344--360},
    month=dec,
    year={2006},
    publisher={Springer},
    doi={10.1007/s11031-006-9051-8}
}

@article{aymerich2010presence,
    title={Presence and Emotions in Playing a Group Game in a Virtual
    Environment: The Influence of Body Participation},
    author={Aymerich-Franch, Laura},
    journal={Cyberpsychology, Behavior, and Social Networking},
    volume={13},
    number={6},
    pages={649--654},
    month=dec,
    year={2010},
    publisher={Mary Ann Liebert, Inc.},
    doi={10.1089/cyber.2009.0412}
}

@article{jennett2008measuring,
    title={Measuring and Defining the Experience of Immersion in Games},
    author={Jennett, Charlene and Cox, Anna L. and Cairns, Paul and Dhoparee,
    Samira and Epps, Andrew and Tijs, Tim and Walton, Alison},
    journal={International Journal of Human-Computer Studies},
    volume={66},
    number={9},
    pages={641--661},
    month=sep,
    year={2008},
    publisher={Elsevier},
    doi={10.1016/j.ijhcs.2008.04.004}
}

@inproceedings{sweetser2004player,
    title={Player-Centered Game Environments: {A}ssessing Player Opinions,
    Experiences, and Issues},
    author={Sweetser, Penelope and Johnson, Daniel},
    booktitle={Entertainment Computing -- ICEC 2004},
    editor={Rauterberg, Matthias},
    series={Lecture Notes in Computer Science},
    volume={3166},
    pages={321--332},
    year={2004},
    publisher={Springer Berlin Heidelberg},
    address={Berlin, Heidelberg, Germany},
    doi={10.1007/978-3-540-28643-1_40}
}

@article{o2010development,
    title={The Development and Evaluation of a Survey to Measure User
    Engagement},
    author={O'Brien, Heather L. and Toms, Elaine G.},
    journal={Journal of the American Society for Information Science and
    Technology},
    volume={61},
    number={1},
    pages={50--69},
    month=jan,
    year={2010},
    publisher={Wiley Online Library},
    doi={10.1002/asi.21229}
}

@article{o2013examining,
    title={Examining the Generalizability of the {User Engagement Scale}
    ({UES}) in Exploratory Search},
    author={O'Brien, Heather L. and Toms, Elaine G.},
    journal={Information Processing \& Management},
    volume={49},
    number={5},
    pages={1092--1107},
    month=sep,
    year={2013},
    publisher={Elsevier},
    doi={10.1016/j.ipm.2012.08.005}
}

@article{o2018practical,
    title={A Practical Approach to Measuring User Engagement with the Refined
    {User Engagement Scale} ({UES}) and New {UES} Short Form},
    author={O'Brien, Heather L. and Cairns, Paul and Hall, Mark},
    journal={International Journal of Human-Computer Studies},
    volume={112},
    pages={28--39},
    month=apr,
    year={2018},
    publisher={Elsevier},
    doi={10.1016/j.ijhcs.2018.01.004}
}

@incollection{o2016theoretical,
    title={Theoretical Perspectives on User Engagement},
    author={O'Brien, Heather},
    booktitle={Why Engagement Matters: Cross-Disciplinary Perspectives of User
    Engagement in Digital Media},
    editor={O'Brien, Heather and Cairns, Paul},
    pages={1--26},
    year={2016},
    publisher={Springer International Publishing},
    address={Cham, Switzerland},
    doi={10.1007/978-3-319-27446-1_1}
}

@incollection{o2016translating,
    title={Translating Theory into Methodological Practice},
    author={O'Brien, Heather},
    booktitle={Why Engagement Matters: Cross-Disciplinary Perspectives of User
    Engagement in Digital Media},
    pages={27--52},
    editor={O'Brien, Heather and Cairns, Paul},
    year={2016},
    publisher={Springer International Publishing},
    address={Cham, Switzerland},
    doi={10.1007/978-3-319-27446-1_2}
}

@article{wiebe2014measuring,
    title={Measuring Engagement in Video Game-Based Environments: Investigation
    of the {U}ser {E}ngagement {S}cale},
    author={Wiebe, Eric N. and Lamb, Allison and Hardy, Megan and Sharek,
    David},
    journal={Computers in Human Behavior},
    volume={32},
    pages={123--132},
    month=mar,
    year={2014},
    publisher={Elsevier},
    doi={10.1016/j.chb.2013.12.001}
}

@inproceedings{suh2019revisiting,
    title={Revisiting User Engagement: Concepts, Themes, and Opportunities},
    author={Suh, Ayoung and Cheung, Christy M. K.},
    booktitle={Proceedings of the 23rd Pacific Asia Conference on Information
    Systems},
    series={PACIS 2019},
    editor={Xu, Dongming and Jiang, James and Kim, Hee-Woong},
    articleno={150},
    numpages={14},
    year={2019},
    url={https://aisel.aisnet.org/pacis2019/150/},
    publisher={July 8--12, 2019, X'ian, China. AIS},
    address={Atlanta, GA, USA}
}

@incollection{bernhaupt2015user,
    title={User Experience Evaluation Methods in the Games Development Life
    Cycle},
    author={Bernhaupt, Regina},
    booktitle={Game User Experience Evaluation},
    editor={Bernhaupt, Regina},
    series={Human‚ÄìComputer Interaction Series},
    pages={1--8},
    year={2015},
    publisher={Springer International Publishing},
    address={Cham, Switzerland},
    doi={10.1007/978-3-319-15985-0_1}
}

@incollection{mcallister2015video,
    title={Video Game Development and User Experience},
    author={McAllister, Graham and White, Gareth R.},
    booktitle={Game User Experience Evaluation},
    editor={Bernhaupt, Regina},
    pages={11--35},
    year={2015},
    publisher={Springer International Publishing},
    address={Cham, Switzerland},
    doi={10.1007/978-3-319-15985-0_2}
}

@incollection{calvillo2015assessing,
    title={Assessing the Core Elements of the Gaming Experience},
    author={{Calvillo-G{\'a}mez}, Eduardo H. and Cairns, Paul and Cox, Anna L.},
    booktitle={Game User Experience Evaluation},
    editor={Bernhaupt, Regina},
    pages={37--62},
    year={2015},
    publisher={Springer International Publishing},
    address={Cham, Switzerland},
    doi={10.1007/978-3-319-15985-0_3}
}

@incollection{takatalo2015understanding,
    title={Understanding Presence, Involvement, and Flow in Digital Games},
    author={Takatalo, Jari and H{\"a}kkinen, Jukka and Nyman, G{\"o}te},
    booktitle={Game User Experience Evaluation},
    editor={Bernhaupt, Regina},
    pages={87--111},
    year={2015},
    publisher={Springer International Publishing},
    address={Cham, Switzerland},
    doi={10.1007/978-3-319-15985-0_5}
}

@incollection{lankes2015evaluating,
    title={Evaluating User Experience Factors Using Experiments: Expressive
    Artificial Faces Embedded in Contexts},
    author={Lankes, Michael and Bernhaupt, Regina and Tscheligi, Manfred},
    booktitle={Game User Experience Evaluation},
    editor={Bernhaupt, Regina},
    pages={113--131},
    year={2015},
    publisher={Springer International Publishing},
    address={Cham, Switzerland},
    doi={10.1007/978-3-319-15985-0_6}
}

@incollection{desurvire2015user,
    title={User Experience Design for Inexperienced Gamers: {GAP}---{G}ame
    {A}pproachability {P}rinciples},
    author={Desurvire, Heather and Wiberg, Charlotte},
    booktitle={Game User Experience Evaluation},
    editor={Bernhaupt, Regina},
    pages={169--186},
    year={2015},
    publisher={Springer International Publishing},
    address={Cham, Switzerland},
    doi={10.1007/978-3-319-15985-0_8}
}

@inproceedings{febretti2009usability,
    title={Usability, Playability, and Long-Term Engagement in Computer Games},
    author={Febretti, Alessandro and Garzotto, Franca},
    booktitle={CHI'09 Extended Abstracts on Human Factors in Computing Systems},
    series={CHI EA'09},
    pages={4063--4068},
    year={2009},
    publisher={April 4--9, 2009, Boston, MA, USA. ACM},
    address={New York, NY, USA},
    doi={10.1145/1520340.1520618}
}

@inproceedings{schoenau2011hooked,
    title={Hooked!---{E}valuating Engagement as Continuation Desire in
    Interactive Narratives},
    author={Sch{\o}nau-Fog, Henrik},
    booktitle={Interactive Storytelling},
    editor={Si, Mei and Thue, David and Andr√©, Elisabeth and Lester, James C.
    and Tanenbaum, Theresa Jean and Zammitto, Veronica},
    series={Lecture Notes in Computer Science},
    volume={7069},
    pages={219--230},
    year={2011},
    publisher={Springer Berlin Heidelberg},
    address={Berlin, Heidelberg, Germany},
    doi={10.1007/978-3-642-25289-1_24}
}

@article{brockmyer2009development,
    title={The Development of the {G}ame {E}ngagement {Q}uestionnaire: A
    Measure of Engagement in Video Game-Playing},
    author={Brockmyer, Jeanne H. and Fox, Christine M. and Curtiss, Kathleen A.
    and McBroom, Evan and Burkhart, Kimberly M. and Pidruzny, Jacquelyn N.},
    journal={Journal of Experimental Social Psychology},
    volume={45},
    number={4},
    pages={624--634},
    month=jul,
    year={2009},
    publisher={Elsevier},
    doi={10.1016/j.jesp.2009.02.016}
}

@article{turner2014figure,
    title={The Figure and Ground of Engagement},
    author={Turner, Phil},
    journal={AI \& Society},
    volume={29},
    number={1},
    pages={33--43},
    month=feb,
    year={2014},
    publisher={Springer},
    doi={10.1007/s00146-012-0439-6}
}

@article{carvalho2020framework,
    title={A Framework Used for Analysis of User Experience in Games},
    author={Carvalho, Vitor Marques and Furtado, Elizabeth Sucupira},
    journal={Journal on Interactive Systems},
    volume={11},
    number={1},
    pages={66--73},
    month=jan,
    year={2020},
    publisher={Brazilian Computing Society (SBC)},
    doi={10.5753/jis.2020.759}
}

@article{doherty2018engagement,
    title={Engagement in {HCI}: Conception, Theory and Measurement},
    author={Doherty, Kevin and Doherty, Gavin},
    journal={ACM Computing Surveys},
    volume={51},
    number={5},
    articleno={99},
    numpages={39},
    month=sep,
    year={2019},
    publisher={Association for Computing Machinery},
    doi={10.1145/3234149}
}

@inproceedings{emmerich2018m,
    title={I'm Glad You Are on My Side: How to Design Compelling Game
    Companions},
    author={Emmerich, Katharina and Ring, Patrizia and Masuch, Maic},
    booktitle={Proceedings of the 2018 Annual Symposium on Computer-Human
    Interaction in Play},
    series={CHI PLAY'18},
    pages={141--152},
    month= oct # " 28--31,",
    year={2018},
    publisher={October 28--31, 2018, Melbourne, Australia. ACM},
    address={New York, NY, USA},
    doi={10.1145/3242671.3242709}
}

@incollection{lankoski2004character,
    title={Character Design Fundamentals for Role-Playing Games},
    author={Lankoski, Petri},
    booktitle={Beyond Role and Play---Tools, Toys and Theory for Harnessing the
    Imagination},
    editor={Montola, Markus and Stenros, Jaakko},
    pages={139--148},
    year={2004},
    publisher={Ropecon ry},
    address={Helsinki, Finland}
}

@inproceedings{afonso2008agents,
    title={Agents that Relate: Improving the Social Believability of Non-Player
    Characters in Role-Playing Games},
    author={Afonso, Nuno and Prada, Rui},
    booktitle={Entertainment Computing -- ICEC 2008},
    editor={Stevens, Scott M. and Saldamarco, Shirley J.},
    series={Lecture Notes in Computer Science},
    volume={5309},
    pages={34--45},
    year={2008},
    publisher={Springer Berlin Heidelberg},
    address={Berlin, Heidelberg, Germany},
    doi={10.1007/978-3-540-89222-9_5}
}

@article{harth2017empathy,
    title={Empathy with Non-Player Characters? {An} Empirical Approach to the
    Foundations of Human/Non-Human Relationships},
    author={Harth, Jonathan},
    editors={Sivan, Yesha Y. and Ferdig, Richard E. and Pytash, Kristine E. and
    Muschert, Glenn W. and Shpak, Tzafnat},
    journal={Journal For Virtual Worlds Research},
    volume={10},
    number={2},
    numpages={27},
    month=aug,
    year={2017},
    doi={10.4101/jvwr.v10i2.7272}
}

@article{warpefelt2017model,
    title={A Model of Non-Player Character Believability},
    author={Warpefelt, Henrik and Verhagen, Harko},
    journal={Journal of Gaming \& Virtual Worlds},
    volume={9},
    number={1},
    pages={39--53},
    month=mar,
    year={2017},
    publisher={Intellect},
    doi={10.1386/jgvw.9.1.39_1}
}

@inproceedings{law2018systematic,
    title={Systematic Review and Validation of the {G}ame {E}xperience
    {Q}uestionnaire ({GEQ})---{I}mplications for Citation and Reporting
    Practice},
    author={Law, Effie Lai Chong and Br{\"u}hlmann, Florian and Mekler, Elisa
    D.},
    booktitle={Proceedings of the 2018 Annual Symposium on Computer-Human
    Interaction in Play},
    series={CHI PLAY'18},
    pages={257--270},
    year={2018},
    publisher={October 28--31, 2018, Melbourne, Australia. ACM},
    address={New York, NY, USA},
    doi={10.1145/3242671.3242683}
}

@article{phan2016development,
    title={The Development and Validation of the {Game User Experience
    Satisfaction Scale (GUESS)}},
    author={Phan, Mikki H. and Keebler, Joseph R. and Chaparro, Barbara S.},
    journal={Human Factors: The Journal of the Human Factors and Ergonomics
    Society},
    volume={58},
    number={8},
    pages={1217--1247},
    month=dec,
    year={2016},
    publisher={SAGE Publications},
    doi={10.1177/0018720816669646}
}

@article{caroux2015player,
    title={Player--Video Game Interaction: A Systematic Review of Current
    Concepts},
    author={Caroux, Lo{\"\i}c and Isbister, Katherine and Le Bigot, Ludovic and
    Vibert, Nicolas},
    journal={Computers in Human Behavior},
    volume={48},
    pages={366--381},
    month=jul,
    year={2015},
    publisher={Elsevier},
    doi={10.1016/j.chb.2015.01.066}
}

@article{qin2009measuring,
    title={Measuring Player Immersion in the Computer Game Narrative},
    author={Qin, Hua and Rau, Pei-Luen Patrick and Salvendy, Gavriel},
    journal={International Journal of Human-Computer Interaction},
    volume={25},
    number={2},
    pages={107--133},
    month=feb,
    year={2009},
    publisher={Taylor \& Francis},
    doi={10.1080/10447310802546732}
}

@inproceedings{bopp2019exploring,
    title={Exploring Emotional Attachment to Game Characters},
    author={Bopp, Julia Ayumi and M{\"u}ller, Livia J. and Aeschbach, Lena Fanya
    and Opwis, Klaus and Mekler, Elisa D.},
    booktitle={Proceedings of the Annual Symposium on Computer-Human
    Interaction in Play},
    series={CHI PLAY'19},
    pages={313--324},
    month= oct # " 22--25,",
    year={2019},
    publisher={October 22--25, 2019, Barcelona, Spain. ACM},
    address={New York, NY, USA},
    doi={10.1145/3311350.3347169}
}

@inproceedings{rogers2018exploring,
    title={Exploring the Role of Non-Player Characters and Gender in Player
    Identification},
    author={Rogers, Katja and Aufheimer, Maria and Weber, Michael and Nacke,
    Lennart E.},
    booktitle={Proceedings of the 2018 Annual Symposium on Computer-Human
    Interaction in Play Companion Extended Abstracts},
    series={CHI PLAY'18 Extended Abstracts},
    pages={271--283},
    year={2018},
    publisher={October 28--31, 2018, Melbourne, Australia. ACM},
    address={New York, NY, USA},
    doi={10.1145/3270316.3273041}
}

@misc{walktall,
    author={Prasertvithyakarn, Prasert ``Sun"},
    title={Walk Tall, My Friends: Giving Life to {AI}-Buddies in `{Final
    Fantasy XV}'},
    year={2018},
    url={https://www.gdcvault.com/play/1025442/Walk-Tall-My-Friends-Giving},
    lastaccessed={April 04, 2022}
}

@inproceedings{lankoski2007gameplay,
    title={Gameplay Design Patterns for Believable Non-Player Characters},
    author={Lankoski, Petri and Bj{\"o}rk, Staffan},
    booktitle={Proceedings of the 2007 DiGRA International Conference: Situated
    Play},
    series={DiGRA'07},
    volume={4},
    pages={416--423},
    month= sep # " 24--28,",
    year={2007},
    issn={2342-9666},
    url={http://www.digra.org/digital-library/publications/gameplay-design-patterns-for-believable-non-player-characters/},
    publisher={September 24--28, 2013, Tokyo, Japan. DiGRA},
    address={http://www.digra.org/},
}

@inproceedings{scacchi2015research,
    title={Research Challenges at the Intersection of Computer Games and
    Software Engineering},
    author={Scacchi, Walt and Cooper, Kendra M.},
    booktitle={Proceedings of the 10th International Conference on the
    Foundations of Digital Games},
    series={FDG 2015},
    articleno={35},
    numpages={8},
    year={2015},
    publisher={June 22--25, 2015, Pacific Grove, CA, USA. SASDG},
    address={Santa Cruz, CA, USA},
    url={http://www.fdg2015.org/papers/fdg2015_paper_35.pdf}
}

@inproceedings{chowanda1930computational,
    title={Computational Models of Emotion, Personality, and Social
    Relationships for Interactions in Games},
    author={Chowanda, Andry and Blanchfield, Peter and Flintham, Martin and
    Valstar, Michel},
    booktitle={Proceedings of the 2016 International Conference on Autonomous
    Agents \& Multiagent Systems},
    series={AAMAS'16},
    pages={1343--1344},
    year={2016},
    publisher={May 9--13, 2016, Singapore. ACM},
    address={New York, NY, USA},
    isbn={978-1-4503-4239-1},
    note={ISBN 978-1-4503-4239-1}
}

@inproceedings{ng2014review,
    title={A Review of Affective User-Centered Design for Video Games},
    author={Ng, Yiing Y'ng and Khong, Chee Weng},
    booktitle={Proceedings of the 3rd International Conference on User Science
    and Engineering},
    series={i-USEr},
    pages={79--84},
    year={2014},
    publisher={September 2--5, 2014, Shah Alam, Malaysia. IEEE},
    address={New York, NY, USA},
    doi={10.1109/IUSER.2014.7002681}
}

@article{yannakakis2014panorama,
    title={A Panorama of Artificial and Computational Intelligence in Games},
    author={Yannakakis, Georgios N. and Togelius, Julian},
    journal={IEEE Transactions on Computational Intelligence and AI in Games},
    volume={7},
    number={4},
    pages={317--335},
    month=dec,
    year={2015},
    publisher={IEEE},
    doi={10.1109/TCIAIG.2014.2339221}
}

@book{yannakakis2018artificial,
    author = {Yannakakis, Georgios N. and Togelius, Julian},
    title = {Artificial Intelligence and Games},
    year = {2018},
    publisher={Springer International Publishing},
    address={Cham, Switzerland},
    doi={https://doi.org/10.1007/978-3-319-63519-4}
}

@article{richardson2020engagement,
    title={Engagement in Video and Audio Narratives: Contrasting Self-Report
    and Physiological Measures},
    author={Richardson, Daniel C. and Griffin, Nicole K. and Zaki, Lara and
    Stephenson, Auburn and Yan, Jiachen and Curry, Thomas and Noble, Richard
    and Hogan, John and Skipper, Jeremy I. and Devlin, Joseph T.},
    journal={Scientific Reports},
    volume={10},
    articleno={11298},
    numpages={8},
    month=jul,
    year={2020},
    publisher={Nature Research},
    doi={10.1038/s41598-020-68253-2}
}

@misc{code2015learning,
    title={Learning Emotions: {A} Software Engine for Simulating Realistic
    Emotion in Artificial Agents},
    author={Code, Douglas},
    month= sep,
    year={2015},
    howpublished={Senior Independent Study Theses, Department of Computer
    Science, College of Wooster, Wooster, OH, USA. Advisor(s) Denise Byrnes.
    Paper 6543},
    url={https://openworks.wooster.edu/independentstudy/6543}
}

@inproceedings{yuda2019creating,
    title={Creating an Affective Fighting Game AI System with {G}amygdala},
    author={Yuda, Kaori and Mozgovoy, Maxim and Danielewicz-Betz, Anna},
    booktitle={2019 IEEE Conference on Games (CoG)},
    pages={1--4},
    month= aug  # " 20--23,",
    year={2019},
    address={London, UK},
    publisher={IEEE},
    doi={10.1109/CIG.2019.8848031}
}

@inproceedings{carbone2020radically,
    title={Radically Simplifying Game Engines: {AI} Emotions \& Game
    Self-Evolution},
    author={Carbone, John N. and Crowder, James and Carbone, Ryan A.},
    booktitle={Proceedings of the 2020 International Conference on
    Computational Science and Computational Intelligence (CSCI)},
    pages={464--472},
    month= dec  # " 16--18,",
    year={2020},
    address={Las Vegas, NV, USA},
    publisher={IEEE},
    doi={10.1109/CSCI51800.2020.00085}
}

@inproceedings{sweeney2006next,
    author = {Sweeney, Tim},
    title = {The Next Mainstream Programming Language: A Game Developer's
    Perspective},
    year = {2006},
    publisher = {ACM},
    address = {New York, NY, USA},
    doi = {10.1145/1111037.1111061},
    booktitle = {Conference Record of the 33rd ACM SIGPLAN-SIGACT Symposium on
    Principles of Programming Languages},
    pages = {269},
    location = {Charleston, South Carolina, USA},
    series = {POPL '06}
}

@inproceedings{politowski2020dataset,
    title={Dataset of Video Game Development Problems},
    author={Politowski, Cristiano and Petrillo, Fabio and Ullmann, Gabriel
    Cavalheiro and Werly, Josias de Andrade and Gu{\'e}h{\'e}neuc,
    Yann-Ga{\"e}l},
    booktitle={Proceedings of the 17th International Conference on Mining
    Software Repositories},
    pages={553--557},
    series={MSR'20},
    month=jun # " 29--30,",
    year={2020},
    publisher={Jun 29--30, 2020, Seoul, Republic of Korea. ACM},
    address={New York, NY, USA},
    doi={10.1145/3379597.3387486}
}

@inproceedings{ullmann2022video,
    title = {Video Game Project Management Anti-Patterns},
    author = {Ullmann, Gabriel C. and Politowski, Cristiano and
    Gu\'{e}h\'{e}neuc, Yann-Ga\"{e}l and Petrillo, Fabio and Montandon,
    Jo\~{a}o Eduardo},
    booktitle = {Proceedings of the 6th International ICSE Workshop on Games
    and Software Engineering: Engineering Fun, Inspiration, and Motivation},
    pages = {9--15},
    series = {GAS '22},
    month=may # " 20,",
    year = {2022},
    publisher = {May 20, 2022, Pittsburgh, PA, USA. ACM},
    address = {New York, NY, USA},
    doi = {10.1145/3524494.3527623},
}

@inproceedings{ullmann2022what,
    title = {What Makes a Game High-Rated? Towards Factors of Video Game
    Success},
    author = {Ullmann, Gabriel C. and Politowski, Cristiano and
    Gu\'{e}h\'{e}neuc, Yann-Ga\"{e}l and Petrillo, Fabio},
    booktitle = {Proceedings of the 6th International ICSE Workshop on Games
    and Software Engineering: Engineering Fun, Inspiration, and Motivation},
    pages = {16--23},
    series = {GAS '22},
    month=may # " 20,",
    year = {2022},
    publisher = {May 20, 2022, Pittsburgh, PA, USA. ACM},
    address = {New York, NY, USA},
    doi = {10.1145/3524494.3527628},
}

@inproceedings{murphy2014cowboys,
    title = {Cowboys, Ankle Sprains, and Keepers of Quality: How is Video Game
    Development Different from Software Development?},
    author = {Murphy-Hill, Emerson and Zimmermann, Thomas and Nagappan,
    Nachiappan},
    booktitle = {Proceedings of the 36th International Conference on Software
    Engineering},
    pages = {1--11},
    series = {ICSE 2014},
    month=may # " 31--" # jun # " 7,",
    year = {2014},
    publisher = {May 31 -- June 7, 2014, Hyderabad, India. ACM},
    address = {New York, NY, USA},
    doi = {10.1145/2568225.2568226},
}

@inproceedings{peng2018trip,
    title = {A Trip to the Moon: Personalized Animated Movies for
    Self-Reflection},
    author = {Peng, Fengjiao and LaBelle, Veronica Crista and Yue, Emily
    Christen and Picard, Rosalind W.},
    booktitle = {Proceedings of the 2018 CHI Conference on Human Factors in
    Computing Systems},
    articleno={253},
    numpages = {10},
    series = {CHI '18},
    month=apr # " 21--26,",
    year = {2018},
    publisher = {April 21--26, 2018, Montr{\'e}al, QC, Canada. ACM},
    address = {New York, NY, USA},
    doi = {10.1145/3173574.3173827},
}

@inproceedings{mckenzie2019software,
    title = {Software Engineering Practices and Methods in the Game Development
    Industry},
    author = {McKenzie, Timothy and Trujillo, Miguel Morales and Hoermann,
    Simon},
    booktitle = {Extended Abstracts of the Annual Symposium on Computer-Human
    Interaction in Play Companion Extended Abstracts},
    pages = {181--193},
    series = {CHI PLAY '19 Extended Abstracts},
    month=oct # " 22--25,",
    year = {2019},
    publisher = {October 22--25, 2019, Barcelona, Spain. ACM},
    address = {New York, NY, USA},
    doi = {10.1145/3341215.3354647}
}

@inproceedings{elliott1994research,
    title = {Research Problems in the Use of a Shallow Artificial Intelligence
    Model of Personality and Emotion},
    author = {Elliott, Clark},
    booktitle = {Proceedings of the 12th National Conference on Artificial
    Intelligence},
    pages = {9--15},
    series = {AAAI-94},
    month=aug # " 1--4,",
    year = {1994},
    publisher = {August 1--4, 1994, Seattle, WA, USA. AAAI},
    address = {Menlo Park, CA, USA},
    url = {https://www.aaai.org/Library/AAAI/1994/aaai94-002.php},
}

@incollection{isbister2006nonplayer,
    title={Nonplayer Characters},
    author={Isbister, Katherine},
    booktitle={Better Game Characters by Design : A Psychological Approach},
    pages={225--252},
    chapter={9},
    year={2006},
    series={Series in Interactive 3D Technology},
    publisher={Morgan Kaufmann},
    address={San Francisco, CA, USA},
    isbn={978-1-5586-0921-1},
    note={ISBN 978-1-5586-0921-1}
}