@incollection{oxfordAdmire,
    author={Haidt, Johnathan and Seder, Patrick},
    title={Admiration/Awe},
    booktitle = {Oxford Companion to Emotion and the Affective Sciences},
    year = {2009},
    editor = {Sander, David and Scherer, Klaus R.},
    publisher = {Oxford University Press},
    location = {New York},
    address={New York, NY, USA},
    pages = {4--5},
    isbn={978-0-1985-6963-3},
    note={ISBN 978-0-1985-6963-3}
}

@incollection{oxfordAffect,
    author={Frijda, Nico H. and Scherer, Klaus R.},
    title={Affect (Psychological Perspectives)},
    booktitle = {Oxford Companion to Emotion and the Affective Sciences},
    year = {2009},
    editor = {Sander, David and Scherer, Klaus R.},
    publisher = {Oxford University Press},
    location = {New York},
    address={New York, NY, USA},
    pages = {10},
    isbn={978-0-1985-6963-3},
    note={ISBN 978-0-1985-6963-3}
}

@incollection{oxfordAffectiveComputing,
    author={Picard, Rosalind W.},
    title={Affective Computing},
    booktitle = {Oxford Companion to Emotion and the Affective Sciences},
    year = {2009},
    editor = {Sander, David and Scherer, Klaus R.},
    publisher = {Oxford University Press},
    location = {New York},
    address={New York, NY, USA},
    pages = {11--15},
    isbn={978-0-1985-6963-3},
    note={ISBN 978-0-1985-6963-3}
}

@incollection{oxfordAffectiveSciences,
    author={Scherer, Klaus R.},
    title={Affective Sciences},
    booktitle = {Oxford Companion to Emotion and the Affective Sciences},
    year = {2009},
    editor = {Sander, David and Scherer, Klaus R.},
    publisher = {Oxford University Press},
    location = {New York},
    address={New York, NY, USA},
    pages = {16--17},
    isbn={978-0-1985-6963-3},
    note={ISBN 978-0-1985-6963-3}
}

@incollection{oxfordAnger,
    author={Kuppens, Peter},
    title={Anger},
    booktitle = {Oxford Companion to Emotion and the Affective Sciences},
    year = {2009},
    editor = {Sander, David and Scherer, Klaus R.},
    publisher = {Oxford University Press},
    location = {New York},
    address={New York, NY, USA},
    pages = {32--33},
    isbn={978-0-1985-6963-3},
    note={ISBN 978-0-1985-6963-3}
}

@incollection{oxfordAntecedents,
    author={Ellsworth, Pheoebe C.},
    title={Antecedents (of emotion)},
    booktitle = {Oxford Companion to Emotion and the Affective Sciences},
    year = {2009},
    editor = {Sander, David and Scherer, Klaus R.},
    publisher = {Oxford University Press},
    address={New York, NY, USA},
    location = {New York},
    pages = {37--38},
    isbn={978-0-1985-6963-3},
    note={ISBN 978-0-1985-6963-3}
}

@incollection{oxfordArousal,
    author={Fowles, Don C.},
    title={Arousal},
    booktitle = {Oxford Companion to Emotion and the Affective Sciences},
    year = {2009},
    editor = {Sander, David and Scherer, Klaus R.},
    publisher = {Oxford University Press},
    address={New York, NY, USA},
    location = {New York},
    pages = {50},
    isbn={978-0-1985-6963-3},
    note={ISBN 978-0-1985-6963-3}
}

@incollection{oxfordAttention,
    author={Vuilleumier, Patrik},
    title={Attention and emotion},
    booktitle = {Oxford Companion to Emotion and the Affective Sciences},
    year = {2009},
    editor = {Sander, David and Scherer, Klaus R.},
    publisher = {Oxford University Press},
    address={New York, NY, USA},
    location = {New York},
    pages = {54--59},
    isbn={978-0-1985-6963-3},
    note={ISBN 978-0-1985-6963-3}
}

@incollection{oxfordAutonomous,
    author={Ca\~{n}amero, Lola},
    title={Autonomous Agents},
    booktitle = {Oxford Companion to Emotion and the Affective Sciences},
    year = {2009},
    editor = {Sander, David and Scherer, Klaus R.},
    publisher = {Oxford University Press},
    address={New York, NY, USA},
    location = {New York},
    pages = {67--68},
    isbn={978-0-1985-6963-3},
    note={ISBN 978-0-1985-6963-3}
}

@incollection{oxfordCircumplex,
    author={Barrett, Lisa Feldman and Russell, James A.},
    title={Circumplex Models},
    booktitle = {Oxford Companion to Emotion and the Affective Sciences},
    year = {2009},
    editor = {Sander, David and Scherer, Klaus R.},
    publisher = {Oxford University Press},
    address={New York, NY, USA},
    location = {New York},
    pages = {85--88},
    isbn={978-0-1985-6963-3},
    note={ISBN 978-0-1985-6963-3}
}

@incollection{oxfordControllability,
    author={Brosch, Tobias},
    title={Controllability},
    booktitle = {Oxford Companion to Emotion and the Affective Sciences},
    year = {2009},
    editor = {Sander, David and Scherer, Klaus R.},
    publisher = {Oxford University Press},
    address={New York, NY, USA},
    location = {New York},
    pages = {100--101},
    isbn={978-0-1985-6963-3},
    note={ISBN 978-0-1985-6963-3}
}

@incollection{oxfordCoping,
    author={Folkman, Susan and Moskowitz, Judith Tedlie},
    title={Coping},
    booktitle = {Oxford Companion to Emotion and the Affective Sciences},
    year = {2009},
    editor = {Sander, David and Scherer, Klaus R.},
    publisher = {Oxford University Press},
    address={New York, NY, USA},
    location = {New York},
    pages = {101--103},
    isbn={978-0-1985-6963-3},
    note={ISBN 978-0-1985-6963-3}
}

@incollection{oxfordDET,
    author={Izard, Carroll E. and King, Kristen A.},
    title={Differential Emotions Theory},
    booktitle = {Oxford Companion to Emotion and the Affective Sciences},
    year = {2009},
    editor = {Sander, David and Scherer, Klaus R.},
    publisher = {Oxford University Press},
    address={New York, NY, USA},
    location = {New York},
    pages = {117--119},
    isbn={978-0-1985-6963-3},
    note={ISBN 978-0-1985-6963-3}
}

@incollection{oxfordDisplayRules,
    author={Matsumoto, David},
    title={Display Rules},
    booktitle = {Oxford Companion to Emotion and the Affective Sciences},
    year = {2009},
    editor = {Sander, David and Scherer, Klaus R.},
    publisher = {Oxford University Press},
    address={New York, NY, USA},
    location = {New York},
    pages = {124--125},
    isbn={978-0-1985-6963-3},
    note={ISBN 978-0-1985-6963-3}
}

@incollection{oxfordEffort,
    author={Gendolla, Guido H. E. and Wright, Rex A.},
    title={Effort},
    booktitle = {Oxford Companion to Emotion and the Affective Sciences},
    year = {2009},
    editor = {Sander, David and Scherer, Klaus R.},
    publisher = {Oxford University Press},
    address={New York, NY, USA},
    location = {New York},
    pages = {134--135},
    isbn={978-0-1985-6963-3},
    note={ISBN 978-0-1985-6963-3}
}

@incollection{oxfordFeelings,
    author={Scherer, Klaus R.},
    title={Feelings (Psychological Perspectives)},
    booktitle = {Oxford Companion to Emotion and the Affective Sciences},
    year = {2009},
    editor = {Sander, David and Scherer, Klaus R.},
    publisher = {Oxford University Press},
    location = {New York},
    address={New York, NY, USA},
    pages = {183--184},
    isbn={978-0-1985-6963-3},
    note={ISBN 978-0-1985-6963-3}
}

@incollection{oxfordGoals,
    author={Smith, Craig A. and Kirby, Leslie D.},
    title={Goals},
    booktitle = {Oxford Companion to Emotion and the Affective Sciences},
    year = {2009},
    editor = {Sander, David and Scherer, Klaus R.},
    publisher = {Oxford University Press},
    address={New York, NY, USA},
    location = {New York},
    pages = {197--198},
    isbn={978-0-1985-6963-3},
    note={ISBN 978-0-1985-6963-3}
}

@incollection{oxfordJoy,
    author={Fredrickson, Barbara L.},
    title={Joy},
    booktitle = {Oxford Companion to Emotion and the Affective Sciences},
    year = {2009},
    editor = {Sander, David and Scherer, Klaus R.},
    publisher = {Oxford University Press},
    location = {New York},
    address={New York, NY, USA},
    pages = {230},
    isbn={978-0-1985-6963-3},
    note={ISBN 978-0-1985-6963-3}
}

@incollection{oxfordMemory,
    author={Labar, Kevin S.},
    title={Memory (emotional)},
    booktitle = {Oxford Companion to Emotion and the Affective Sciences},
    year = {2009},
    editor = {Sander, David and Scherer, Klaus R.},
    publisher = {Oxford University Press},
    address={New York, NY, USA},
    location = {New York},
    pages = {250--252},
    isbn={978-0-1985-6963-3},
    note={ISBN 978-0-1985-6963-3}
}

@incollection{oxfordMood,
    author={Frijda, Nico H.},
    title={Mood},
    booktitle = {Oxford Companion to Emotion and the Affective Sciences},
    year = {2009},
    editor = {Sander, David and Scherer, Klaus R.},
    publisher = {Oxford University Press},
    location = {New York},
    address={New York, NY, USA},
    pages = {258--259},
    isbn={978-0-1985-6963-3},
    note={ISBN 978-0-1985-6963-3}
}

@incollection{oxfordOutcome,
    author={Brosch, Tobias},
    title={Outcome expectancies},
    booktitle = {Oxford Companion to Emotion and the Affective Sciences},
    year = {2009},
    editor = {Sander, David and Scherer, Klaus R.},
    publisher = {Oxford University Press},
    address={New York, NY, USA},
    location = {New York},
    pages = {293},
    isbn={978-0-1985-6963-3},
    note={ISBN 978-0-1985-6963-3}
}

@incollection{oxfordPersonality,
    author={Revelle, William and Scherer, Klaus R.},
    title={Personality (and emotion)},
    booktitle = {Oxford Companion to Emotion and the Affective Sciences},
    year = {2009},
    editor = {Sander, David and Scherer, Klaus R.},
    publisher = {Oxford University Press},
    address={New York, NY, USA},
    location = {New York},
    pages = {304--305},
    isbn={978-0-1985-6963-3},
    note={ISBN 978-0-1985-6963-3}
}

@incollection{oxfordPower,
    author={Brosch, Tobias},
    title={Power},
    booktitle = {Oxford Companion to Emotion and the Affective Sciences},
    year = {2009},
    editor = {Sander, David and Scherer, Klaus R.},
    publisher = {Oxford University Press},
    address={New York, NY, USA},
    location = {New York},
    pages = {312},
    isbn={978-0-1985-6963-3},
    note={ISBN 978-0-1985-6963-3}
}

@incollection{oxfordReappraisal,
    author={Giuliani, Nicole R. and Gross, James J.},
    title={Reappraisal},
    booktitle = {Oxford Companion to Emotion and the Affective Sciences},
    year = {2009},
    editor = {Sander, David and Scherer, Klaus R.},
    publisher = {Oxford University Press},
    address={New York, NY, USA},
    location = {New York},
    pages = {329--330},
    isbn={978-0-1985-6963-3},
    note={ISBN 978-0-1985-6963-3}
}

@incollection{oxfordSadness,
    author={Zammuner, Vanda L.},
    title={Sadness},
    booktitle = {Oxford Companion to Emotion and the Affective Sciences},
    year = {2009},
    editor = {Sander, David and Scherer, Klaus R.},
    publisher = {Oxford University Press},
    address={New York, NY, USA},
    location = {New York},
    pages = {351--352},
    isbn={978-0-1985-6963-3},
    note={ISBN 978-0-1985-6963-3}
}

@incollection{oxfordSecondaryAppraisal,
    author={Smith, Craig A. and Kirby, Leslie D.},
    title={Secondary Appraisal},
    booktitle = {Oxford Companion to Emotion and the Affective Sciences},
    year = {2009},
    editor = {Sander, David and Scherer, Klaus R.},
    publisher = {Oxford University Press},
    address={New York, NY, USA},
    location = {New York},
    pages = {354--355},
    isbn={978-0-1985-6963-3},
    note={ISBN 978-0-1985-6963-3}
}

@incollection{oxfordSerenity,
    author={Sunddararajan, Louise},
    title={Serenity},
    booktitle = {Oxford Companion to Emotion and the Affective Sciences},
    year = {2009},
    editor = {Sander, David and Scherer, Klaus R.},
    publisher = {Oxford University Press},
    address={New York, NY, USA},
    location = {New York},
    pages = {363--364},
    isbn={978-0-1985-6963-3},
    note={ISBN 978-0-1985-6963-3}
}

@incollection{oxfordTemperament,
    author={Kagan, Jerome},
    title={Temperament},
    booktitle = {Oxford Companion to Emotion and the Affective Sciences},
    year = {2009},
    editor = {Sander, David and Scherer, Klaus R.},
    publisher = {Oxford University Press},
    address={New York, NY, USA},
    location = {New York},
    pages = {389--390},
    isbn={978-0-1985-6963-3},
    note={ISBN 978-0-1985-6963-3}
}

@incollection{oxfordTrust,
    author={Fehr, Ernst and Zehnder, Christian},
    title={Trust},
    booktitle = {Oxford Companion to Emotion and the Affective Sciences},
    year = {2009},
    editor = {Sander, David and Scherer, Klaus R.},
    publisher = {Oxford University Press},
    address={New York, NY, USA},
    location = {New York},
    pages = {392--393},
    isbn={978-0-1985-6963-3},
    note={ISBN 978-0-1985-6963-3}
}

@incollection{oxfordValence,
    author={Brosch, Tobias and Moors, Agnes},
    title={Valence},
    booktitle = {Oxford Companion to Emotion and the Affective Sciences},
    year = {2009},
    editor = {Sander, David and Scherer, Klaus R.},
    publisher = {Oxford University Press},
    address={New York, NY, USA},
    location = {New York},
    pages = {401--402},
    isbn={978-0-1985-6963-3},
    note={ISBN 978-0-1985-6963-3}
}

@incollection{oxfordValues,
    author={Tappolet, Christine},
    title={Values},
    booktitle = {Oxford Companion to Emotion and the Affective Sciences},
    year = {2009},
    editor = {Sander, David and Scherer, Klaus R.},
    publisher = {Oxford University Press},
    address={New York, NY, USA},
    location = {New York},
    pages = {402},
    isbn={978-0-1985-6963-3},
    note={ISBN 978-0-1985-6963-3}
}

@incollection{oxfordVigilance,
    author={Whalen, Paul J.},
    title={Vigilance},
    booktitle = {Oxford Companion to Emotion and the Affective Sciences},
    year = {2009},
    editor = {Sander, David and Scherer, Klaus R.},
    publisher = {Oxford University Press},
    address={New York, NY, USA},
    location = {New York},
    pages = {402--403},
    isbn={978-0-1985-6963-3},
    note={ISBN 978-0-1985-6963-3}
}

@misc{anticipationdef,
    author = {Grinnell, R.},
    title  = {Anticipation},
    year   = {2018},
    url={https://psychcentral.com/encyclopedia/anticipation/},
    lastaccessed = {April 30, 2019}
}

@misc{sensedef,
    author = {{American Psychological Association}},
    title  = {{APA Dictionary of Psychology---Sense}},
    year   = {2020},
    url={https://dictionary.apa.org/sense},
    lastaccessed = {November 11, 2020}
}

@misc{egoiddef,
    author = {{American Psychological Association}},
    title  = {{APA Dictionary of Psychology---Ego Identity}},
    year   = {2020},
    url={https://dictionary.apa.org/ego-identity},
    lastaccessed = {June 15, 2021}
}

@misc{ffmdef,
    author = {{American Psychological Association}},
    title  = {{APA Dictionary of Psychology---Five Factor Model}},
    year   = {2020},
    url={https://dictionary.apa.org/five-factor-personality-model},
    lastaccessed = {January 3, 2022}
}

@misc{cognitiondef,
    author = {{American Psychological Association}},
    title  = {{APA Dictionary of Psychology---Cognition}},
    year   = {2020},
    url={https://dictionary.apa.org/cognition},
    lastaccessed = {July  13, 2022}
}